2497 2816
455 347 509 376 115

454 425 606 460 derelictas,
624 434 694 461 quae
713 425 746 454 ab
761 425 822 453 aliis
838 430 985 461 occupatae
1000 425 1116 453 fueraut.
1142 425 1268 460 Respicit

454 461 528 490 euim
546 470 652 490 tuorem
667 461 734 490 satis
750 466 846 490 notum
862 465 891 489 et
906 461 951 490 vul
1003 461 1148 488 usitatum:
1166 469 1267 496 uempe

453 498 479 526 ai
502 497 562 533 quis
586 505 667 533 agros
692 501 720 525 et
745 496 856 532 praedia
875 497 947 532 possi
968 502 1025 529 eat.
1049 505 1162 524 manum
1181 496 1267 524 veluti

453 536 595 562 extensam
618 533 650 561 in
672 541 704 560 ea
722 532 811 566 babet,
833 538 865 560 ut
883 541 961 560 nemo
981 532 1025 560 vel
1043 531 1151 568 glebam
1170 532 1268 560 audeat

453 569 605 606 attingere:
620 567 694 604 quod
706 568 730 596 si
743 575 776 596 ea
788 567 927 600 destituat.
943 571 1118 604 occupantur.
1145 567 1268 603 Populus

453 613 519 641 ergo
543 605 584 633 sic
611 604 774 632 destituerat
800 605 983 639 possessiones
1010 612 1027 631 a
1051 603 1150 638 quibus
1176 603 1268 631 fuerat

454 639 599 676 expulsus.
626 644 659 668 ut
682 640 839 675 desperaret
861 647 891 668 se
915 647 962 668 eas
985 647 1146 674 recuperare
1174 647 1267 674 posse:

453 681 484 704 ut
506 677 604 704 merito
623 675 743 711 deserta,
767 683 862 703 eorum
887 678 1020 710 respectu.
1045 675 1080 703 ab
1096 675 1165 711 ipsis
1182 675 1267 703 nomi-

453 712 515 740 nari
538 715 656 748 possent.
693 711 810 739 Deserta
828 719 894 739 vero
911 711 1063 747 pinguim,
1085 711 1150 747 quia
1167 710 1268 739 validis

453 750 483 776 et
502 747 658 783 potentibus
676 747 705 774 iu
723 747 920 782 possessiouem
937 750 1085 782 cesserant,
1108 755 1266 788 quanquam

453 782 614 818 simpliciter
648 783 770 818 accipere
800 782 865 810 licet
890 791 940 818 pro
967 782 1082 810 desertis
1109 783 1266 818 pinguibus,

453 818 621 855 probabilius
639 821 731 847 tamen
749 822 800 853 est,
836 818 934 854 ingues
953 818 1042 847 vocari
1060 823 1202 854 tyrannos.

526 854 568 882 18.
594 854 666 890 (Vae
697 827 859 883 &ahmatpus
888 853 1070 890 iniquitaten.)
1115 854 1266 889 Postquam

453 890 571 927 inseruit
594 890 706 932 brevem
729 889 938 918 consolationem
958 898 1012 924 qua
1030 889 1101 925 apud
1120 889 1266 932 plectem-

453 926 953 1003 32535025231‘3353.⁹3:³35&
970 926 1267 1003 contristet?

454 1006 529 1061 33:51
543 997 988 1068 ”22223'5232‘1222'125‘233222‘3
1015 997 1267 1068 {ffifflmsszffss

453 1077 514 1098 sese
539 1067 690 1104 decipiunt,
717 1072 745 1096 et
771 1068 800 1096 iu
829 1067 940 1104 flagitiis
967 1068 1089 1096 animum
1113 1077 1195 1095 suum
1218 1067 1266 1095 ob-

453 1104 568 1133 stinaut.
605 1105 664 1132 Aut
683 1103 756 1131 enim
773 1103 865 1131 rident
881 1103 1014 1132 iudicium
1024 1103 1091 1139 Dei,
1114 1107 1161 1131 aut
1180 1112 1267 1131 vanas

453 1139 644 1169 excusationes
656 1139 908 1174 comminiscuntur,
926 1144 955 1167 et
966 1142 1139 1175 praetextum
1152 1140 1267 1168 uecessi-

454 1176 519 1204 tatis
538 1175 686 1204 adducunt.
714 1175 904 1210 Quodcunque
918 1175 1003 1210 igitur
1015 1175 1108 1203 velum
1120 1180 1266 1210 opponaut,

453 1211 484 1240 id
500 1211 594 1239 Fuues
613 1216 698 1240 vocat.
736 1211 806 1239 Nam
830 1212 935 1246 quoties
954 1211 987 1238 ad
1006 1211 1173 1246 peccandum
1191 1211 1267 1239 solli-

455 1248 522 1276 citat
540 1247 664 1275 homines
678 1246 770 1276 earnis
784 1255 849 1274 suae
863 1246 955 1279 libido,
973 1247 1050 1274 initio
1065 1247 1180 1275 haerent
1195 1247 1267 1282 apud

454 1292 496 1316 se,
521 1284 549 1310 et
573 1291 710 1310 remoram
734 1283 851 1318 aliquam
875 1283 925 1310 sibi
950 1282 1026 1310 iniioi
1049 1283 1185 1310 sentiunt:
1215 1291 1268 1318 qua

455 1322 529 1348 certe
559 1319 724 1351 retinentur,
759 1319 813 1346 nisi
846 1319 981 1346 contrario
1015 1319 1120 1353 impetn
1146 1323 1267 1350 ruerent,

455 1363 618 1390 omnemque
651 1354 806 1390 synteresin
840 1353 1048 1390 abrumperent:
1081 1354 1268 1390 interrogetur

454 1390 539 1420 tacito
560 1389 694 1419 instinctu
713 1389 924 1425 uniuscuiusque
941 1390 1116 1423 conscientia,
1141 1389 1205 1418 dum
1225 1390 1267 1418 iu-

455 1427 555 1455 uitatur
569 1426 604 1454 ad
619 1425 733 1454 malum:
751 1425 825 1460 Quid
838 1425 913 1460 agis?
929 1435 980 1454 uec
992 1435 1115 1461 uuquam
1128 1430 1265 1460 peccatum

454 1463 495 1490 aie
519 1462 593 1490 ultro
614 1462 689 1494 fluit.
718 1462 783 1497 quio
806 1470 866 1490 eam
895 1470 1030 1490 remoram
1054 1463 1183 1497 patiatur.
1220 1461 1267 1490 Sic

455 1499 531 1527 enim
548 1497 625 1525 Deus
646 1499 763 1525 humano
782 1498 876 1533 generi
895 1498 1047 1526 consultum
1067 1499 1160 1530 voluit.
1185 1507 1218 1525 ue
1236 1499 1267 1524 in

456 1534 603 1562 effraenem
638 1533 768 1569 peccandi
800 1533 936 1560 licentiam
963 1542 1058 1561 omues
1085 1535 1265 1569 erumperent.

457 1569 514 1604 Qui
538 1578 553 1596 e
629 1569 668 1603 fit,
693 1574 724 1596 ut
747 1569 873 1597 homiues
893 1569 923 1597 in
947 1569 1028 1596 malis
1051 1569 1120 1597 sileo
1136 1569 1267 1597 obstinati

457 1605 532 1633 sint?
593 1609 649 1631 erte
677 1604 810 1632 illecebris
833 1614 861 1632 se
887 1605 943 1632 falli
971 1605 1081 1637 sinunt,
1109 1605 1267 1640 animosque

457 1649 521 1670 suos
538 1639 761 1676 obstupefaciant,
780 1645 812 1668 ut
829 1646 918 1676 spreto
940 1640 1038 1668 iudicio
1054 1640 1107 1668 Dei
1130 1641 1266 1669 licentiam

456 1675 586 1712 peccandi
609 1676 750 1712 arripiant.
786 1676 971 1704 Blandiuntur
990 1676 1041 1704 sibi
1060 1677 1187 1712 tingendo
1206 1685 1265 1712 pee-

457 1714 548 1742 catum
566 1721 623 1740 nou
641 1721 699 1740 esse
718 1711 788 1747 quod
807 1715 948 1747 peccatum
963 1715 1013 1748 est,
1031 1712 1075 1740 vel
1092 1713 1267 1741 excusatione

457 1747 549 1782 aliqua
567 1751 595 1776 et
613 1757 684 1776 vano
703 1750 846 1782 praetextu
865 1752 1023 1776 extenuant.
1060 1748 1099 1776 Hi
1121 1757 1186 1784 ergo
1203 1751 1268 1775 sunt

456 1784 544 1817 fauce,
569 1792 668 1818 pravae
693 1783 880 1818 colligationes
903 1783 1000 1818 quihus
1025 1786 1163 1818 peceatum
1181 1788 1266 1812 attra-

455 1819 535 1847 hunt.
577 1819 656 1847 Unde
683 1821 798 1854 apparet
827 1819 976 1847 Dominum
1005 1819 1077 1847 haud
1106 1821 1206 1847 frustm
1233 1819 1267 1847 iis

456 1855 568 1882 minari:
594 1863 644 1882 nee
661 1855 735 1882 enim
755 1859 850 1890 sponte
869 1857 976 1882 tautum
995 1857 1115 1890 peceant.
1138 1855 1186 1882 sed
1205 1864 1267 1891 per·

456 1891 584 1922 vicaciter
609 1892 637 1918 et
659 1890 808 1918 obstinate:
833 1900 862 1918 se
880 1891 998 1926 denique
1017 1894 1125 1926 peccato
1144 1891 1267 1927 alligant,

455 1929 488 1954 ut
505 1927 560 1954 siut
578 1926 783 1954 inexcusabiles.

530 1962 570 1990 19.
597 1961 663 1997 (Qui
694 1962 795 1993 dicunt.
828 1961 966 1998 acceleret.)
1017 1962 1151 1997 Desiguat
1184 1971 1265 1989 uuam

457 1998 582 2033 speciem,
599 2006 653 2032 qua
668 1997 836 2024 demonstret
850 1998 923 2032 ipsos
935 2001 1046 2033 peccata
1059 1998 1144 2026 veluti
1155 1997 1267 2025 funibus

457 2033 605 2062 attrahere.
643 2032 718 2061 Nihil
748 2033 818 2061 enim
843 2033 976 2067 deterius,
1001 2042 1083 2068 quam
1109 2042 1161 2061 uon
1186 2033 1267 2061 modo

457 2069 569 2097 reiicere
603 2077 709 2096 omnem
744 2069 936 2104 cogitationem
966 2069 1051 2096 divini
1080 2069 1186 2102 iudicii,
1220 2069 1267 2096 sed

457 2112 585 2169 {3532'0
608 2105 865 2168 ilffiquss‘sstr‘linffl
890 2105 1267 2176 {⁵32²223„2331.¹²222‘3m¹312

457 2176 553 2211 voluit,
578 2175 643 2204 dum
666 2177 788 2204 homines
810 2178 946 2212 proposito
964 2176 1016 2204 Dei
1036 2176 1133 2204 iudicio
1152 2176 1218 2204 illud
1238 2185 1268 2204 se

456 2213 536 2240 laetis
560 2212 659 2239 animis
683 2216 886 2247 exspectaturos
911 2213 1002 2239 aiunt:
1030 2211 1111 2254 idque
1135 2213 1207 2240 velut
1226 2213 1267 2239 iu-

457 2257 538 2276 anem
558 2250 688 2274 terrorem
703 2247 820 2275 ludibrio
835 2247 950 2275 habent:
970 2248 1050 2275 sicuti
1065 2248 1186 2275 indicant
1203 2248 1268 2276 haeo

457 2283 541 2311 verba
565 2283 648 2319 plena
673 2286 776 2311 contem
799 2286 844 2311 tus
866 2287 894 2311 ct
912 2292 1055 2318 perversae
1074 2283 1268 2311 confidentiae:

456 2318 568 2353 Veniat,
592 2319 729 2347 acceleret.
770 2293 844 2354 (lpus
861 2319 906 2347 bio
925 2328 973 2354 pro
993 2319 1091 2346 iudicio
1109 2318 1268 2354 κατ’ἑξοχὴν

457 2354 596 2389 accipitur.
646 2354 717 2382 Nam
750 2355 859 2382 videtur
892 2356 995 2383 otiosus
1031 2363 1090 2383 esee
1122 2355 1268 2387 Dominus.

457 2397 541 2424 quum
566 2390 711 2424 impiorum
730 2389 827 2418 delicta
846 2399 901 2418 non
923 2390 1075 2419 ulciscitur:
1100 2399 1183 2426 quum
1203 2399 1267 2418 vero

1188 346 1392 376 mmm

266 149 2232 198 ῃᾷᾲῇ-ἼΞ-Ἧ

2069 346 2121 375 116

1309 425 1399 460 surgit
1418 425 1452 453 ad
1470 425 1602 454 iudicium
1620 425 1762 453 ferendum
1781 427 1810 452 et
1827 433 1929 461 poenas
1943 425 2036 459 sumit,
2054 428 2122 454 tuno

1309 465 1423 525 affl
1438 470 1517 525 ..2¹23
1538 460 2122 533 {ffl'sx‘'mill“'issffhssfflzssssn'lifiss

1407 517 1413 530 .
1507 516 1513 524 .

1309 532 1423 566 imperio
1447 535 1476 560 et
1500 541 1584 561 mauu
1607 532 1755 568 gubernari
1778 541 1844 560 mun
1864 541 1920 560 um.
1956 531 2035 568 Opus
2054 540 2120 568 ergo

1309 567 1463 603 specialiter
1487 577 1537 604 pro
1558 568 1660 596 iudicio
1684 568 1815 596 sumitur:
1844 568 1972 603 quoniam
1993 577 2025 596 eo
2043 569 2121 596 uobis

1310 605 1418 632 constat
1438 603 1589 632 Dominum
1615 604 1727 631 minime
1749 605 1867 631 otiosum
1885 612 1953 636 esse.
1977 603 2025 632 sed
2043 605 2122 640 tangi

1309 638 1397 668 officio
1419 648 1477 668 suo.
1520 639 1563 668 De
1587 648 1618 668 eo
1643 642 1735 667 autem
1759 648 1807 675 per
1830 638 1977 668 ludibrium
2000 642 2029 668 et
2056 648 2121 668 eou-

1310 678 1443 710 temptum
1461 675 1610 710 loquuntur
1623 675 1712 710 impii:
1727 681 1810 710 atque
1825 676 1907 702 istam
1919 675 2120 711 improbitatem

1309 715 1337 738 et
1355 711 1536 746 pervicaciam
1554 711 1635 738 hodie
1651 711 1712 747 plus
1727 711 1794 738 eatis
1809 710 1977 746 experimur:
1995 711 2120 747 idemque

1309 746 1409 774 bellum
1435 747 1508 810 quod
1531 747 1678 783 prophetas
1702 746 1767 774 olim
1792 747 1915 774 exercuit
1938 747 2015 776 uobis
2037 747 2121 776 etiam

1308 783 1432 810 sustineo
1454 792 1498 810 um
1523 787 1572 811 est.
1608 782 1780 810 Existimant
1797 783 1875 818 impii
1894 782 1983 810 Deum
2003 783 2120 812 otiosum

1309 827 1376 852 esse.
1394 827 1445 846 nee
1462 827 1558 846 curare
1577 827 1619 846 res
1638 817 1786 846 humanas:
1804 818 2036 853 quemadmodum
2053 819 2122 854 Epi-

1309 862 1392 882 curus
1424 862 1559 882 summam
1587 854 1641 882 Dei
1674 853 1831 882 felicitatem
1862 854 2014 888 statuebat,
2048 854 2121 889 quod

1310 890 1385 917 omui
1403 899 1420 917 n
1457 889 1512 917 otio
1532 893 1649 918 vacaret.
1687 889 1824 923 Quamvis
1842 890 1915 917 cuim
1934 890 2120 926 imaginentur

1310 925 1427 961 aliquem
1475 933 1545 958 eum,
1564 925 1695 953 iudicium
1716 929 1809 953 tamen
1827 925 1885 952 eius
1903 925 2017 954 minime
2035 935 2121 961 agno-

1308 966 1397 988 scunt.
1433 961 1543 988 Interea
1562 961 1632 988 bono
1650 963 1678 988 et
1697 961 1767 988 laeto
1785 962 1875 989 animo
1893 970 1922 988 se
1940 970 2000 989 esse
2017 961 2120 996 iubent,

1310 1005 1359 1024 nec
1384 997 1480 1024 volunt
1505 1005 1533 1024 se
1558 1005 1695 1024 macerare
1719 997 1779 1024 istis
1798 997 2017 1033 cogitationibus.
2055 997 2123 1026 Ola—

1310 1036 1387 1060 ment
1408 1032 1438 1059 hi
1463 1032 1610 1067 prophetae
1634 1037 1662 1060 et
1678 1033 1807 1067 ministri,
1830 1035 1912 1068 atque
1930 1033 2120 1064 vociferentur.

1310 1071 1482 1103 terroresque
1505 1072 1533 1095 et
1555 1068 1643 1096 minas
1667 1073 1833 1103 proponant,
1859 1077 1906 1096 noe
1929 1077 2024 1097 secure
2049 1068 2123 1104 quod

1310 1104 1438 1131 nuntiant
1453 1103 1680 1138 exspectabimus,
1697 1107 1777 1138 atque
1792 1103 1903 1131 iuterim
1916 1103 2016 1139 gaudio
2025 1107 2120 1133 nostro

1309 1139 1487 1175 perfruemur.
1527 1138 1608 1168 Hunc
1630 1139 1661 1167 in
1683 1139 1797 1167 modum
1816 1140 1900 1167 refert
1918 1140 2052 1176 propheta
2070 1141 2121 1168 im-

1309 1176 1415 1210 piorum
1433 1183 1580 1208 sermones,
1605 1175 1703 1210 quibus
1722 1175 1869 1203 ludibrium
1889 1179 1916 1202 et
1934 1181 2123 1212 contemptum

1312 1211 1386 1238 verbi
1405 1210 1562 1246 prodebant.
1600 1210 1657 1240 Nec
1677 1213 1784 1239 tantum
1804 1212 1894 1239 dicent
1926 1211 2029 1240 Veniat
2045 1221 2120 1248 opus.

1311 1247 1358 1274 sed
1385 1247 1500 1281 festinet,
1527 1247 1671 1275 acceleret:
1697 1247 1760 1281 quia
1784 1255 1818 1274 ex
1844 1232 1972 1275 tarditate
1990 1248 2122 1283 colligunt

1311 1290 1412 1310 vanum
1437 1290 1496 1310 esse
1518 1282 1647 1317 quidquid
1672 1291 1723 1310 nou
1748 1283 1842 1310 atatim
1861 1283 2020 1318 exsequitur
2037 1283 2121 1317 Deus,

1311 1322 1452 1352 postquam
1480 1318 1608 1352 loquutus
1633 1322 1683 1346 est.
1726 1317 1774 1346 Sic
1801 1319 1900 1346 Petrus
1929 1319 1957 1346 in
1982 1319 2007 1347 2.
2032 1319 2120 1355 Epist.

1310 1353 1345 1390 (3.
1365 1353 1393 1389 4)
1413 1354 1510 1389 impios
1529 1354 1671 1389 loquentes
1690 1353 1802 1387 inducit,
1822 1354 1865 1382 Ex
1884 1363 1937 1390 quo
1955 1357 2064 1383 oreatus
2079 1358 2122 1384 est

1311 1389 1438 1423 mundus,
1453 1389 1614 1418 continuum
1623 1394 1738 1418 naturae
1749 1399 1856 1418 cursum
1867 1390 1992 1420 fluxisse:
2009 1389 2122 1427 ideoque

1311 1429 1373 1460 post
1400 1429 1455 1453 tam
1490 1425 1575 1453 multa
1603 1427 1710 1454 saecula
1737 1428 1890 1461 exspectari
1917 1427 1989 1454 diem
2019 1427 2121 1455 iudicii.

1310 1461 1427 1489 Interim
1452 1462 1528 1496 quasi
1555 1461 1618 1489 data
1642 1471 1724 1497 opera
1749 1465 1899 1497 provocant
1921 1463 2020 1495 Deum,
2044 1466 2075 1490 ut
2097 1463 2124 1490 ai

1310 1497 1377 1532 quid
1413 1497 1493 1524 habet
1527 1499 1664 1532 potentiae
1697 1499 1791 1525 statim
1819 1502 1935 1527 exserat.
1980 1499 2020 1526 Et
2047 1499 2122 1534 operi

1310 1533 1468 1568 adiungitur
1500 1533 1657 1564 eonsilium.
1692 1542 1724 1561 ac
1751 1534 1775 1560 si
1804 1533 1939 1567 dicerent,
1974 1533 2122 1569 Quousque

1311 1569 1420 1596 taudem
1447 1569 1585 1600 deliberat,
1613 1569 1655 1596 vel
1680 1569 1743 1604 quid
1764 1569 1884 1597 facturus
1903 1570 1940 1598 sit
1958 1570 2124 1605 pronunciat

1310 1603 1405 1632 Dens?
1432 1604 1557 1632 ostendat
1583 1605 1672 1639 potius
1697 1609 1788 1632 ratum
1814 1614 1870 1633 esse
1895 1606 1965 1640 quod
1992 1605 2123 1634 decrevit.

1310 1640 1402 1675 Atque
1428 1639 1480 1667 hoe
1507 1639 1615 1675 culpam
1643 1649 1697 1667 non
1723 1649 1819 1676 parum
1854 1641 2015 1676 amplificat.
2049 1641 2124 1676 quod

1310 1676 1462 1703 doctrinam
1487 1676 1538 1703 sibi
1563 1676 1733 1703 familiariter
1757 1681 1849 1704 notam
1868 1682 1994 1712 proterve
2012 1677 2124 1706 eludere

1310 1711 1458 1739 audebunt:
1477 1711 1506 1739 iu
1520 1721 1552 1738 eo
1563 1712 1750 1740 sceleratiores
1763 1712 1882 1747 profanis
1895 1714 2030 1748 gentibus.
2049 1712 2124 1748 quod

1310 1747 1460 1775 doctrinam
1492 1748 1668 1782 spernebant,
1702 1757 1755 1782 qna
1782 1747 1834 1776 sibi
1860 1757 1907 1776 eos
1935 1750 1964 1777 in
1992 1749 2124 1784 populum

1310 1783 1470 1818 peculiarem
1490 1783 1675 1818 adoptaverat.

1380 1819 1431 1854 (Ut
1447 1819 1602 1854 videamus.)
1637 1819 1714 1846 Haeo
1736 1823 1802 1847 sunt
1819 1819 1919 1848 indicia
1938 1820 2123 1848 infidelitatis:

1309 1855 1372 1890 quia
1395 1855 1472 1890 impii
1491 1854 1582 1882 Deum
1607 1862 1753 1889 agnoscere
1772 1855 1884 1891 nolunt,
1912 1855 1964 1882 nisi
1984 1857 2125 1891 praa-enti

1310 1891 1498 1926 experimento
1518 1889 1652 1917 sentiant:
1672 1899 1722 1917 uec
1739 1891 1820 1918 fidem
1840 1891 1930 1919 verbis
1949 1891 2006 1919 eius
2022 1891 2126 1920 babere

1310 1926 1455 1954 sustinent.
1483 1925 1565 1959 Quod
1583 1926 1606 1952 si
1623 1925 1674 1952 bac
1695 1930 1759 1953 nota
1777 1927 1890 1961 spiritus
1902 1933 2013 1954 sanetus
2025 1927 2126 1962 impios

1310 1961 1398 1989 reddit
1433 1961 1620 1994 detestabiles,
1653 1961 1734 1988 fidem
1767 1971 1798 1989 ac
1830 1963 1959 1997 pietatem
1986 1963 2126 1991 contrario

1310 1999 1388 2032 signo
1415 1997 1508 2024 testari
1534 2006 1583 2023 nos
1608 1996 1698 2028 decet,
1727 2002 1758 2024 ut
1781 1998 1884 2026 seilicet
1909 1999 1935 2025 in
1962 1998 2014 2026 Dei
2039 1998 2125 2027 verbo

1310 2033 1521 2068 aequiescamus,
1531 2032 1655 2066 quamvis
1668 2041 1720 2059 non
1732 2034 1855 2068 protinus
1865 2039 1995 2069 appareat
2000 2035 2126 2067 effectus,

1311 2069 1418 2104 quando
1444 2068 1583 2102 proprium
1611 2067 1672 2095 fidei
1695 2073 1745 2103 est,
1770 2078 1820 2096 nos
1839 2070 1872 2097 ab
1890 2078 1937 2097 ore
1956 2069 2010 2097 Dei
2029 2076 2126 2098 tenere

1310 2112 1464 2147 suspensos.
1510 2102 1622 2145 Accedit
1650 2104 1759 2146 quidem
1789 2105 1864 2147 nobis
1890 2106 2060 2133 confirmatio
2088 2105 2126 2132 ab

1310 2140 1463 2204 ”npffiffissn
1474 2139 1525 2202 ’ἓῇ
1543 2144 1803 2204 atzztffim‘j'zffffiss.
1816 2141 2126 2212 'tissm‘fss‘z‘sslzssnaessz

1310 2211 1382 2247 quod
1402 2211 1478 2239 electi
1494 2211 1653 2246 simpliciter
1668 2213 1842 2246 acquiescunt
1857 2213 1885 2240 in
1904 2213 1994 2247 verbo,
2011 2213 2126 2240 iuterim

1311 2246 1825 2311 ἳὲιῗῖἵοῗῖηῗὲειέᾗὲἓξζέῗέᾙῇέξῖἓ
1844 2248 2127 2312 Εὲῗὲῗ“ὃῗὲε“ο““ἲ;

1310 2293 1423 2346 ευδίξιᾶῡ
1447 2303 1602 2354 importune
1627 2318 1760 2354 flagitant.
1799 2293 1842 2346 Etl
1860 2329 1944 2354 quum
1964 2293 2128 2355 pmizouffssur

1312 2354 1439 2382 iudicium
1468 2354 1532 2382 Dei:
1570 2353 1615 2381 ubi
1644 2353 1704 2381 est?
1738 2355 1870 2390 inquiunt.
1918 2356 1980 2383 Non
2009 2359 2127 2391 possunt

1312 2391 1382 2418 ferre
1407 2391 1465 2418 eius
1490 2390 1663 2422 mentionem,
1690 2390 1743 2418 uisi
1767 2391 1860 2418 statim
1884 2401 1914 2419 re
1939 2393 1997 2426 ipsa
2021 2396 2125 2426 pateat.
