2497 2816
389 313 443 343 445

390 393 464 428 dum,
481 402 517 422 ne
534 394 592 422 ulla
609 393 710 423 rimula
728 394 836 423 diabolo
854 395 886 422 ad
906 403 956 423 nos
973 398 1072 430 pateat.
1109 395 1202 424 Faeile

390 430 465 458 enim
482 434 647 466 perrumpet,
665 434 747 466 atque
765 431 794 458 in
814 431 919 458 animos
942 434 1051 458 nostrus
1075 436 1200 466 penetra-

391 466 440 499 bit,
455 466 481 494 si
499 465 590 494 aditus
604 467 628 493 ei
644 466 690 494 vel
708 467 838 494 minimus
855 467 1023 502 praebentur.
1055 467 1201 495 Caeterum

390 501 496 530 maan
505 500 548 529 vel
565 501 692 530 ahseondi
706 501 802 530 iubens
811 503 947 538 signifieat
962 502 1129 530 tutissimum
1145 503 1202 531 fore

390 537 498 580 asylum
512 537 645 571 fidelibus,
665 538 688 565 si
702 547 733 565 ee
748 537 885 579 eolligunt,
900 543 981 582 atque
995 538 1131 573 patienter
1145 538 1203 566 Do·

389 573 798 650 ”mffl'ig'ffiffittfffl
816 574 1203 638 &30:¹'1322021532.⁸22⁹233

390 651 456 672 sent
478 645 510 672 in
535 650 628 673 nostra
650 645 820 675 infirmitate.
844 645 913 672 nihil
935 645 1032 673 melius
1056 650 1098 673 est
1120 653 1202 681 quam

389 679 529 708 humiliter
543 681 691 716 eoufugere
705 681 756 708 sub
770 680 823 708 Dei
838 680 905 714 alas,
920 684 951 708 ut
967 681 1076 716 trepidis
1091 681 1201 717 plenam

390 717 563 744 securitatem
578 717 681 744 afferet.
718 716 838 743 Demum
855 717 917 752 quia
931 717 1094 752 praecipites
1108 725 1201 745 sumus

390 755 495 785 natm
513 756 595 786 atque
612 751 781 788 impatientia
798 752 955 787 abripiuntur,
973 760 1058 787 quum
1075 760 1201 788 praesens

389 787 501 815 Domini
515 787 649 815 auxilium
661 797 717 815 non
733 788 880 815 sentimus:
895 787 956 815 ideo
970 787 1036 815 dieit
1050 793 1202 816 momenta-

390 831 456 851 neas
472 831 531 850 esse
551 823 600 850 has
618 823 760 858 proeellas.
786 823 872 851 Nobis
886 823 996 858 quidem
1013 823 1120 851 assidue
1138 832 1200 851 eum

390 859 526 887 aerumnis
545 859 754 888 eonflietandum
772 863 821 892 est,
839 867 890 887 nee
908 859 971 886 finis
985 859 1060 887 nllus
1071 859 1200 895 quamdin

391 894 510 923 vivimus
527 895 632 930 sperari
651 895 736 922 debet.
775 896 865 929 Atque
883 903 915 922 eo
934 895 973 928 fit,
998 899 1029 922 ut
1052 903 1201 923 aerumnae

389 934 484 958 nostre
502 931 601 958 iudieio
615 931 670 958 sint
685 930 829 958 admodum
845 930 998 958 diuturnae.
1026 930 1082 958 Sed
1097 931 1121 958 si
1136 939 1200 958 uon-

389 967 508 994 feramus
526 967 560 994 ad
578 967 655 994 illam
678 967 875 997 aeternitatem.
900 967 930 994 in
953 975 1006 1002 qua
1025 966 1131 1002 gaudiis
1149 967 1200 994 im-

389 1001 550 1030 mortalibus
568 1003 745 1038 perti-nemun
768 1003 816 1029 vix
835 1003 965 1038 exignum
983 1002 1116 1038 quoddam
1143 1011 1200 1030 mo-

388 1042 510 1066 mentum
525 1039 584 1066 erit.
613 1037 850 1072 Quemadmodum
865 1039 946 1066 etiam
962 1038 1066 1066 Paulus
1084 1038 1120 1074 (2.
1136 1039 1200 1066 Cor.

389 1074 414 1106 4.
430 1074 476 1110 1⁸1)
491 1078 709 1101 momentaneam
726 1074 910 1105 afflictionum,
930 1082 996 1109 quas
1015 1074 1057 1102 hie
1072 1075 1200 1109 patimur.

389 1109 527 1137 levitatem
547 1109 581 1137 ad
600 1109 708 1145 pondus
725 1109 783 1136 illid
796 1114 923 1137 aeternae
941 1109 1043 1145 gloriae
1061 1109 1132 1144 quod
1152 1118 1200 1137 ex·

389 1150 541 1180 spent-amus
566 1145 678 1172 minime
693 1145 900 1180 comparandam
916 1154 976 1173 esse
993 1145 1118 1173 ostendit.
1145 1145 1200 1174 Ubi

388 1180 526 1216 adiungit:
544 1165 640 1209 lDonee
660 1185 788 1215 transeat,
806 1189 915 1208 ornnem
931 1180 1125 1208 dubitationem
1140 1180 1200 1209 vult

389 1217 508 1245 eximere
526 1216 661 1244 fidelibus:
689 1224 720 1243 ae
738 1217 761 1244 si
784 1217 900 1244 liberum
918 1217 998 1251 paulo
1017 1221 1076 1252 post
1095 1217 1199 1244 exitum

389 1253 566 1287 promitteret.
608 1252 826 1287 Indignatienum
853 1253 1011 1288 simpliciter
1035 1253 1200 1288 interpretor

388 1289 569 1316 calamitatem
588 1297 656 1323 quae
675 1297 709 1315 ex
728 1288 770 1315 ira
788 1289 899 1315 Domini
922 1289 1109 1323 proficiscitur.
1142 1289 1200 1315 Alii

388 1324 423 1351 ad
441 1324 532 1351 hostes
550 1324 686 1351 referunt:
711 1323 781 1358 quod
808 1333 821 1350 e
879 1324 991 1351 minime
1015 1324 1123 1359 quidem
1150 1324 1200 1351 im-

388 1359 487 1395 probo:
510 1359 560 1402 sed
578 1360 653 1394 prior
671 1368 768 1387 sensus
786 1360 823 1386 mi
845 1360 960 1422 {maffia
982 1360 1081 1402 planet..
1117 1359 1200 1401 Vide-

389 1394 716 1460 {22355'3‘21353312‘233
732 1395 1010 1466 0⁸2³³2lli³nff1²3¹¹01⁰2⁸2⁰13÷
1024 1395 1200 1459 :3233ss

388 1476 421 1495 ea
438 1467 516 1495 nobis
535 1468 642 1502 infligit.
665 1467 713 1495 sed
738 1469 838 1495 nostris
866 1467 1013 1495 sceleribus
1038 1474 1065 1495 et
1089 1468 1199 1502 flagitiis

388 1507 556 1539 provoeatns.
601 1503 676 1530 Hine
709 1512 851 1530 monemur
881 1503 950 1530 iram
978 1503 1031 1530 Dei
1059 1511 1115 1530 non
1142 1504 1200 1530 fore

455 1543 546 1566 etnam
575 1539 704 1566 adversus
735 1539 874 1567 ecelesiam
908 1539 1006 1574 ipsius:
1040 1539 1086 1566 sed
1115 1539 1199 1566 finem

388 1575 506 1606 tandem.
525 1579 556 1602 ut
571 1574 696 1610 proeellis
712 1579 740 1602 et
756 1575 970 1610 tempestatibus‚
988 1575 1079 1602 affore.
1109 1575 1200 1610 Atque

387 1619 419 1638 eo
446 1611 480 1638 fit
507 1614 538 1638 ut
560 1610 654 1639 fideles
681 1619 739 1638 eam
768 1611 894 1645 aequiore
921 1611 1011 1637 auimo
1038 1610 1198 1639 sustineant.

386 1646 466 1674 Unde
479 1646 543 1673 tlibi
558 1647 665 1680 dieitur,
676 1646 750 1674 Iram
765 1646 876 1673 Domini
890 1647 1002 1680 portabo
1014 1645 1109 1682 (Mioh.
1123 1646 1147 1679 7,
1161 1646 1198 1682 9).

386 1681 484 1710 Sciunt
503 1683 575 1709 enim
594 1691 623 1710 se
641 1683 670 1710 in
690 1682 804 1710 salntem
824 1683 856 1709 ab
876 1691 907 1709 eo
927 1682 1064 1717 castigari.
1101 1681 1198 1709 Domi-

387 1727 453 1745 num
471 1726 560 1753 porro,
583 1723 613 1745 nt
638 1727 726 1753 nuper
751 1719 838 1752 attigi,
862 1718 1016 1752 loquentem
1041 1716 1198 1752 introducit,

388 1762 440 1789 qno
459 1754 520 1788 plus
540 1753 691 1780 exhortatio
711 1754 796 1789 ipsius
815 1753 913 1780 habeat
932 1754 1093 1780 autoritatis.

456 1789 501 1817 21.
528 1789 670 1825 (Quoniam
691 1789 763 1825 eece.)
791 1789 962 1816 Gravissima
990 1794 1032 1816 est
1057 1789 1110 1824 piis
1137 1792 1198 1816 ten-

387 1825 461 1859 tatio,
479 1834 563 1861 quum
582 1825 619 1852 im
641 1825 680 1853 ios
699 1825 816 1852 furorem
835 1834 915 1852 sunm
934 1825 1046 1860 impune
1062 1832 1197 1858 exeruere,

385 1869 436 1889 neo
455 1861 565 1896 reprimi
585 1870 600 1888 a
646 1871 678 1888 eo
696 1861 798 1888 vident.
835 1861 940 1888 Putant
965 1861 1036 1888 enim
1061 1869 1091 1888 se
1113 1860 1148 1887 ab
1165 1869 1196 1888 eo

386 1906 446 1925 esse
464 1897 616 1925 destitutos.
645 1897 718 1924 Huie
733 1906 798 1932 ergo
811 1897 955 1924 tentationi
970 1896 1087 1924 oeeurrit
1101 1896 1196 1928 lamas,

386 1936 466 1968 atque
484 1932 605 1960 ostendit
623 1932 781 1965 Dominum,
806 1933 914 1960 tametsi
933 1931 1144 1959 dissimulaverit
1162 1931 1196 1959 sd

386 1975 501 2004 tempus,
520 1972 626 1996 mature
645 1968 680 1995 ud
697 1977 775 2003 opem
795 1967 932 1995 ferendam
959 1968 1108 1996 moinotnm
1131 1968 1196 2001 fore,

385 2008 413 2032 et
435 2004 604 2032 uloiaeendas
626 2012 695 2039 quae
721 2003 820 2039 populo
845 2012 893 2031 sue
915 2004 1007 2031 illatae
1029 2003 1130 2030 fuerint
1153 2003 1196 2030 in·

386 2041 476 2068 iuriae.
513 2040 556 2068 Ae
573 2048 623 2074 per
641 2047 735 2067 vocem
755 2040 897 2074 Egressus,
915 2039 1006 2066 Deum
1028 2039 1066 2066 ita
1085 2046 1196 2066 manum

385 2075 444 2104 suis
468 2076 651 2111 porrigentem
681 2075 816 2106 describit.
845 2083 875 2102 ae
903 2076 925 2102 si
953 2075 1028 2109 prius
1056 2074 1195 2102 latuisset:

386 2111 456 2147 quod
471 2111 508 2146 pii
523 2111 583 2139 eius
596 2120 675 2146 opem
691 2121 745 2137 non
760 2111 900 2138 sentirent.
928 2111 989 2138 Hae
1003 2111 1075 2137 enim
1090 2110 1196 2137 ratione

385 2148 475 2182 ipsam
494 2147 586 2182 egredi
606 2147 643 2174 ait
675 2156 706 2174 ao
725 2147 831 2182 prodire
850 2147 877 2173 in
896 2146 1035 2182 publicum
1055 2145 1088 2172 ad
1107 2146 1196 2172 feren-

385 2183 435 2211 dae
452 2183 590 2218 suppetiae
608 2167 794 2217 iudiciumque
812 2182 1004 2215 exereeudnm,
1021 2191 1053 2210 an
1071 2181 1095 2208 si
1112 2185 1196 2222 antea

385 2219 462 2247 velut
480 2219 602 2254 privatus
621 2217 693 2245 domi
711 2219 833 2246 sedisset.
870 2217 930 2244 Nisi
953 2218 1022 2244 forte
1046 2216 1143 2244 allusio
1159 2218 1196 2244 sit

385 2254 420 2282 ad
438 2255 634 2288 sanctuarium,
656 2262 725 2289 quae
745 2253 871 2288 loquendi
896 2254 966 2280 ratio
991 2253 1090 2287 passim
1116 2251 1195 2281 obvia

386 2294 428 2318 eet
445 2291 473 2318 in
491 2290 640 2332 prophetis.
676 2289 810 2323 Quamvis
835 2288 954 2323 profanis
978 2289 1106 2322 gentibus
1130 2296 1195 2316 eou-

386 2329 503 2362 temptm
520 2326 556 2352 sit
575 2334 638 2354 area
656 2326 771 2352 foederis
796 2325 823 2352 in
850 2325 961 2352 obscuro
986 2325 1046 2352 loeo
1070 2324 1195 2358 reposita,

385 2361 523 2397 praesenti
541 2365 632 2389 tamen
653 2361 763 2389 virtutis
781 2363 810 2388 et
826 2361 930 2396 gratiae
948 2359 1116 2394 experientia
1132 2369 1195 2387 sen-

1094 315 1221 345 carm·
1233 316 1349 345 'XXVI-

2002 317 2058 345 446

1245 403 1323 423 suros
1342 395 1436 424 fideles
1454 405 1508 423 nou
1527 396 1630 424 eustr-
1642 403 1693 424 neo
1707 394 1843 423 inutiliter
1857 395 1948 424 Deum
1962 395 1991 424 in
2008 396 2058 424 ille

1245 431 1365 459 eaorario
1382 431 1514 459 invoeari.
1549 431 1666 459 Interim
1683 435 1777 459 manet
1793 439 1903 468 semper
1915 431 1964 458 illa
1977 433 2057 466 ratio,

1245 467 1371 502 quamvis
1394 467 1528 495 inereduli
1551 467 1684 503 templum
1703 464 1779 494 velut
1801 467 1919 502 ignobile
1944 467 2058 502 aliquod

1245 503 1386 538 tugurium
1405 502 1554 536 derideant,
1571 502 1663 531 Deum
1683 507 1774 530 tamen
1798 502 1863 530 inde
1885 502 2057 538 proditurum

1245 547 1295 602 :2:2³
1306 537 2058 609 ffltt”²it{„t⁸tss⁰2·3².g¹z⁰t0t⁹¹z.”t“u⁹3”l{

1245 610 1329 638 loom
1346 609 1399 638 Dei
1411 594 1631 646 ‘interpretemur
1649 582 1777 642 coelum?
1797 617 1834 637 ex
1856 595 1910 644 qne
1929 582 2057 673 ‘imis-

1245 649 1305 673 tur:
1333 653 1396 673 uam
1420 646 1484 681 plus
1511 645 1639 681 quiddam
1665 646 1820 681 exprimere
1847 645 1934 673 voluit
2008 646 2056 674 'sa

1245 680 1340 715 Quum
1357 682 1432 708 enim
1450 681 1539 709 euelos
1557 682 1702 708 nominant
1718 680 1868 716 prophetae
1885 682 2057 708 maiestatem

1245 717 1299 744 Dei
1317 719 1347 744 et
1363 717 1478 753 gloriam
1497 717 1574 744 nobis
1592 721 1760 753 proponunt:
1784 716 1830 744 hie
1844 725 1911 744 veru
1932 717 1969 744 ad
1992 725 2057 744 seu-

1245 761 1291 780 sus
1306 757 1414 780 nostroe
1427 753 1544 788 respicit,
1563 761 1648 788 quum
1662 752 1766 779 scilieet
1778 751 1869 779 Deum
1885 752 1964 780 nobis
1977 752 2057 780 auxi-

1245 788 1312 816 lium
1330 789 1400 816 ferre
1418 788 1590 824 pereipimus,
1608 787 1656 823 qui
1673 793 1756 815 antea
1772 787 1858 816 latere
1875 790 1903 816 et
1917 788 2056 823 quiescere

1245 824 1397 852 videbatur.
1441 823 1581 852 ruticul-
1610 823 1822 852 demonstr-tiva
1854 827 1883 851 et
1914 823 2057 859 participio

1245 860 1376 896 temperis
1407 860 1558 895 praesentis
1590 867 1656 888 usus
1688 863 1730 887 est
1756 859 1928 887 sertitudinia
1959 867 2057 887 eausa:

1245 895 1342 923 deinde
1359 904 1395 923 ne
1412 895 1538 923 fidelibus
1555 895 1702 923 molestum
1720 895 1755 922 sit
1768 895 1915 923 tolerantia
1931 895 2056 923 fraenare

1245 940 1311 960 suos
1337 932 1452 959 effeetus
1479 939 1566 966 usque
1591 931 1627 958 ad
1653 930 1727 958 illius
1754 929 1908 958 adveutum.
1951 930 2056 958 Eodem

1244 967 1363 1003 pertinet
1385 967 1457 1002 quod
1480 967 1571 995 addit:
1598 966 1643 995 Ad
1672 967 1838 995 visitandum
1866 967 2056 1002 iniquitatem:

1245 1004 1308 1039 quia
1324 1007 1440 1030 naturae
1458 1003 1519 1036 Dei,
1543 1002 1588 1038 qui
1607 1001 1703 1030 mundi
1726 1001 1810 1030 iudex
1837 1007 1887 1035 est,
1911 1007 2056 1030 eonsenta·

1245 1048 1327 1067 neum
1351 1048 1406 1066 non
1429 1043 1501 1066 esset
1527 1038 1644 1066 inultam
1668 1038 1795 1073 peccandi
1822 1038 1963 1065 licentiam
1989 1038 2057 1065 dare

1243 1075 1342 1110 impiis.
1384 1074 1419 1102 In
1443 1075 1527 1102 verbo
1553 1080 1644 1101 autem
1672 1073 1801 1101 visitandi
1827 1074 1896 1100 satis
1922 1079 1986 1101 nota
2012 1078 2057 1101 est

1244 1110 1417 1145 metaphora:
1442 1110 1506 1145 quia
1527 1110 1687 1145 quantisper
1711 1109 1810 1137 iudicia
1834 1117 1885 1137 sua
1907 1109 1999 1137 differt
2022 1118 2055 1138 ae

1243 1146 1476 1210 {¹²⁸¹'⁶¹³‘¹x}{2·⁰¹²3¹²
1495 1144 2054 1209 ”³¹¹fl11¹⁶t‘⁰;2²:÷⁸.2:¹¹225„21⁶‘t⁰·‚¹3:;

1262 1190 1308 1210 ere
1331 1191 1347 1210 e
1404 1190 1440 1209 un
1459 1190 1528 1209 mus.
1595 1190 1630 1209 on
1651 1190 1668 1208 u
1934 1190 1944 1208 ι

1245 1217 1334 1252 Super
1352 1219 1455 1253 ipsum:
1482 1217 1562 1244 aienti
1579 1225 1662 1251 saepe
1679 1216 1788 1250 dieitur,
1812 1217 1910 1251 impios
1932 1217 1989 1244 suis
2012 1217 2056 1244 iu-

1243 1253 1319 1280 sidiis
1337 1253 1388 1280 sibi
1407 1253 1518 1288 laqueos
1537 1252 1647 1280 tendere
1662 1252 1706 1279 vel
1723 1252 1815 1279 fodere
1833 1253 1946 1280 foveam.
1983 1251 2054 1280 Sen-

1243 1298 1290 1316 sus
1310 1298 1375 1324 ergo
1392 1293 1443 1322 est,
1462 1296 1550 1315 noxas
1567 1296 1664 1315 omnes
1681 1288 1816 1315 redituras
1830 1289 1858 1315 iu
1874 1289 1964 1323 sepita
1977 1293 2055 1315 euto-

1245 1333 1314 1352 rum.
1352 1325 1493 1352 Postremo
1511 1324 1562 1351 hoo
1580 1333 1686 1359 quoque
1703 1323 1784 1351 valde
1801 1323 1986 1358 emphatioum
2003 1327 2054 1356 eat.

1243 1359 1315 1395 quod
1333 1363 1404 1388 terra
1422 1359 1588 1394 discooperiet
1607 1365 1657 1387 ete.
1692 1359 1774 1387 Nune
1790 1359 1904 1395 sanguis
1925 1360 2054 1387 innoxius

1243 1397 1308 1424 dum
1335 1396 1459 1424 funditur
1486 1401 1513 1424 et
1539 1395 1661 1424 saluatur
1687 1395 1722 1424 ab
1749 1395 1849 1431 impiis,
1882 1394 2010 1424 hauritur
2037 1404 2054 1424 a

1244 1437 1324 1465 terra.
1337 1440 1406 1468 qnae
1418 1441 1481 1460 eum
1498 1431 1572 1459 velut
1585 1431 1647 1459 siun
1661 1440 1712 1459 suo
1727 1432 1838 1466 exeipit:
1855 1431 1962 1460 interea
1978 1440 2054 1460 murs

1243 1469 1349 1504 piorum
1368 1469 1504 1496 oblivione
1522 1473 1654 1503 perpetua
1671 1467 1763 1495 induei
1782 1476 1814 1495 ae
1832 1467 1916 1495 deleri
1935 1467 2052 1502 videtur,

1243 1509 1274 1530 nt
1292 1504 1374 1531 etiam
1392 1504 1422 1530 in
1441 1509 1614 1539 conspeetum
1629 1503 1683 1530 Dei
1701 1511 1840 1538 nunquam
1859 1504 1960 1532 veniat.
1991 1503 2053 1532 Eoo

1243 1539 1351 1574 quidem
1371 1539 1495 1567 homines
1516 1544 1630 1574 putant=
1653 1539 1700 1566 sed
1719 1539 1856 1566 Dominus
1874 1539 1918 1566 lon
1939 1549 1956 1566 e
1972 1539 2054 1568 aliter

1242 1575 1411 1610 pronunciat.
1448 1574 1596 1610 Siguifieat
1614 1575 1688 1602 enim
1712 1574 1808 1603 oaedes
1826 1574 1888 1602 illas
1932 1575 2053 1610 iquando

1242 1610 1392 1639 revelatum
1417 1611 1458 1644 iri,
1482 1617 1512 1638 ut
1535 1610 1564 1638 iu
1588 1611 1722 1638 rationem
1746 1610 1867 1638 veniant.
1905 1610 2055 1646 Sanguine-9

1241 1647 1249 1674 i
1272 1648 1324 1674 'tur
1339 1651 1428 1674 terrae
1443 1651 1520 1674 vosat
1535 1655 1603 1681 quos
1617 1650 1690 1674 terra
1706 1647 1808 1674 bausit:
1824 1646 2053 1681 quemodmodum

1270 1683 1358 1710 enesis
1377 1682 1402 1709 4.
1421 1682 1458 1719 (v.
1479 1683 1524 1715 11)
1543 1683 1644 1710 dieitur
1661 1686 1733 1710 terra
1757 1683 1895 1716 apernisse
1913 1690 1945 1709 os
1962 1691 2052 1715 suum,

1241 1727 1325 1753 quum
1343 1718 1455 1753 sanguis
1471 1717 1540 1745 Abel
1565 1718 1668 1745 effusus
1693 1722 1743 1744 eet.
1779 1717 1840 1745 Illis
1865 1718 1938 1745 enim
1958 1717 2052 1745 Domi-

1241 1763 1292 1780 nus
1315 1759 1462 1789 exaggerat
1486 1754 1653 1780 atrocitatem
1678 1753 1808 1785 oriminis,
1835 1753 1905 1788 quod
1928 1759 2000 1780 terra
2019 1762 2052 1780 eo

1240 1790 1374 1825 sanguine
1391 1789 1495 1824 polluta
1518 1790 1562 1817 sit.
1598 1789 1717 1816 Proinde
1741 1789 1859 1816 ostendit
1883 1797 1963 1824 quam
1990 1797 2051 1824 pre-

1240 1826 1310 1852 tiose
1327 1830 1355 1852 et.
1373 1831 1490 1861 quantae
1508 1825 1560 1852 sibi
1578 1834 1658 1852 ouras
1677 1825 1713 1852 sit
1732 1833 1803 1852 mors
1829 1825 1945 1860 piorum,
1988 1833 2052 1852 uam

1240 1861 1350 1888 taudem
1368 1861 1481 1888 minime
1502 1861 1618 1888 inultam
1643 1869 1702 1888 esse
1727 1861 1853 1896 patietur.
1890 1861 1958 1888 Arm
1995 1861 2052 1888 itur

1240 1901 1313 1924 terra
1331 1897 1391 1932 ipsa
1408 1897 1442 1924 ad
1468 1896 1636 1924 ulciscendas
1658 1896 1754 1923 caedes
1778 1901 1807 1922 et
1830 1896 1958 1923 saevitias
1984 1905 2051 1932 quas

1238 1932 1277 1967 pii
1296 1941 1313 1959 a
1330 1937 1343 1959 t.
1363 1932 1458 1960 rannis
1475 1937 1504 1960 et
1521 1932 1646 1960 veritatis
1665 1931 1788 1959 hostibus
1806 1932 1879 1966 passi
1897 1937 1975 1959 sunt:
1999 1941 2052 1960 nee

1238 1967 1296 1995 nlla
1418 1972 1460 1996 est
1475 1973 1555 2003 gutta
1575 1968 1724 2003 sanguinis,
1747 1967 1826 1995 euius
1843 1969 1882 1995 eis
1900 1967 1971 1995 ratio
1988 1967 2052 1995 red-

1240 2003 1327 2032 denda
1346 2012 1401 2031 nou
1419 2005 1463 2032 sit.
1496 2004 1548 2031 Bet
1566 2003 1650 2039 igitur
1667 2003 1820 2031 revoeanda
1838 2004 1867 2030 in
1883 2003 2050 2036 memoriam,

1238 2040 1398 2074 assidueque
1413 2039 1447 2067 oh
1462 2040 1553 2067 oeulos
1567 2039 1692 2074 ponenda
1708 2039 1774 2067 baeu
1788 2039 1947 2068 oon-olatio.
1965 2047 2051 2073 quum

1238 2075 1315 2110 impii
1335 2083 1384 2102 nes
1401 2075 1527 2110 eueniunt,
1551 2074 1642 2102 rident
1660 2081 1742 2109 atque
1759 2074 1936 2106 subsannant.
1955 2083 2051 2102 omne-

1238 2119 1290 2146 que
1308 2119 1395 2146 genus
1412 2111 1591 2138 contumelias
1608 2116 1637 2138 et
1653 2111 1783 2138 saevitiae
1801 2111 1828 2137 in
1850 2119 1898 2137 uos
1912 2114 2051 2138 exercent.

1238 2146 1359 2174 Tandem
1378 2147 1450 2174 enim
1470 2146 1613 2182 patefaeist
1630 2146 1708 2172 Deus
1726 2154 1805 2181 quam
1828 2155 1881 2173 nou
1901 2145 1996 2172 irritus
2013 2145 2051 2172 sit

1236 2182 1339 2209 elamor
1365 2182 1470 2209 innoxii
1494 2181 1648 2218 sanguinis:
1677 2182 1740 2217 qnia
1768 2191 1907 2216 nunquam
1934 2189 2048 2209 suorum

1237 2217 1360 2246 oblivisci
1377 2222 1474 2252 potest.
