2497 2816
423 299 478 327 357

423 378 525 414 phetae
553 382 582 406 et
626 377 714 406 lenius
736 377 906 410 describunt.
935 379 963 405 et
988 376 1140 412 depingunt
1165 376 1238 404 vivis

424 414 572 442 coloribus.
647 413 731 441 lorem
751 421 816 448 ergo
831 421 910 440 suum
926 413 1084 448 exprimens
1098 412 1238 448 propheta.

423 458 508 485 quam
543 457 639 476 severa
665 449 718 476 Dei
750 447 870 476 vindicta
895 447 1048 476 Chaldaeos
1075 451 1186 476 maneat
1210 453 1240 476 et

424 494 509 521 quam
528 485 656 512 atrociter
674 484 813 519 punienda
831 485 868 511 eit
882 484 1016 520 Babylon,
1035 484 1129 512 fideles
1147 484 1238 511 docet:

424 525 458 549 ut
476 529 561 556 quum
580 521 654 547 tristi
673 522 773 547 nuncio
791 520 874 546 allato
893 520 1006 547 herrore
1023 520 1114 547 subito
1128 519 1240 582 corridpi-

423 565 496 585 mur.
1209 560 1239 587 it,

425 593 491 620 dum
525 591 615 626 ipsum
648 595 788 626 eomparat
820 591 956 618 doloribus
985 591 1177 626 parturientis:
1210 595 1240 618 ut

425 636 512 664 quum
543 627 604 662 quis
637 627 810 654 acerbissime
841 634 972 659 vexatus,
1005 635 1065 654 sese
1091 630 1183 654 versat
1210 626 1238 654 in

425 672 522 691 omnes
539 668 638 698 partes,
659 662 835 698 membraque
851 671 901 690 sus
919 666 1087 698 contorquet.
1123 662 1185 690 Hae
1201 662 1241 690 lo-

425 700 570 735 quutiones
589 698 736 733 prophetae
755 698 876 725 tarditati
895 703 1004 726 nostrae
1021 697 1240 726 accommodant:

426 736 491 770 quis
522 734 621 762 iudicia
649 734 699 761 Dei
732 742 785 760 non
816 735 990 768 agnoscimus
1022 734 1076 762 nisi
1110 738 1239 768 tanquam

427 771 514 806 digito
532 774 641 798 ostensa
659 777 755 797 sensus
774 775 882 797 nostros
900 775 1023 805 tangant.
1050 769 1240 798 Admonemur

426 812 532 868 aultem,
564 806 720 840 priusquam
748 805 890 839 evenient,
917 810 949 833 ut
979 805 1056 833 nobis
1083 806 1150 840 ipsis
1178 813 1240 833 con—

426 852 459 869 su
471 850 555 869 amus.
883 869 885 871 ,

499 878 523 904 4.
543 876 714 913 (Concessum
737 878 775 903 est
796 885 841 903 eor
865 876 971 912 meum.)
1006 877 1064 904 Alii
1088 885 1144 904 uon
1168 876 1240 903 male

427 917 548 946 vertunt,
573 911 734 939 Oberravit:
760 913 823 946 quia
848 912 931 939 nimio
949 921 1049 947 pavore
1067 921 1145 939 mens
1163 912 1240 947 quasi

427 950 484 977 loon
512 957 559 976 suo
587 952 720 975 movetur.
767 948 896 974 Declarat
920 957 1001 982 quam
1025 948 1116 975 subita
1143 952 1172 975 et
1196 957 1240 974 re-

426 985 539 1020 pentina
563 984 655 1010 futura
679 984 716 1010 sit
739 982 830 1010 clades
854 983 1010 1018 Babylonis.
1051 985 1142 1011 Maior
1165 984 1238 1010 enim

427 1019 573 1055 trepidatio
594 1023 637 1045 est
654 1019 681 1045 in
703 1018 779 1046 clade
798 1020 947 1053 repentina,
973 1028 1055 1054 quam
1075 1020 1103 1047 in
1121 1028 1155 1047 ea
1171 1027 1240 1053 quae

428 1057 474 1083 diu
493 1055 618 1090 praevisa
636 1059 716 1088 atoue
735 1059 890 1088 exspectata
905 1061 954 1083 est.
985 1054 1066 1088 Quod
1084 1059 1176 1082 autem
1194 1055 1240 1082 hio

427 1091 559 1128 praedicit
577 1090 677 1118 Isaiae:
698 1089 798 1117 Daniel
818 1090 919 1118 sactum
937 1091 1021 1118 fuisse
1039 1099 1072 1118 ac
1089 1099 1118 1118 se
1138 1090 1240 1118 vidisse

427 1131 530 1156 narrat.
566 1125 713 1153 Baithasar
736 1135 769 1153 ea
791 1132 870 1153 nocte
889 1130 1034 1160 paraverat
1053 1127 1156 1153 lautum
1175 1134 1240 1153 con-

429 1163 539 1195 vivium,
565 1170 650 1205 quum
674 1161 764 1189 subito
782 1162 884 1190 Persae
907 1163 1061 1190 irruerunt:
1087 1171 1136 1204 uec
1161 1161 1239 1196 quid-

446 1206 652 1262 ⁰05ffl20¹¹²÷¹¹³i3=
663 1197 1039 1260 {fflffiffissssnnqffsrffoesss
1055 1198 1238 1260 53332‘55313

499 1269 524 1298 5.
552 1269 563 1306 (
591 1269 678 1297 doma
699 1269 835 1304 mensam.)
865 1269 940 1296 Haec
964 1269 993 1296 in
1020 1269 1161 1304 participio
1185 1269 1238 1304 legi

429 1310 554 1342 possunt:
581 1314 613 1332 ac
630 1306 653 1332 si
673 1304 781 1336 diceret,
803 1304 875 1340 Ipsis
893 1305 1088 1332 adamantibus
1105 1313 1238 1336 mensam,

429 1349 456 1370 et
473 1340 624 1370 custodiam
643 1339 850 1372 instruentibus,
870 1340 933 1368 dum
951 1340 1125 1368 comederent
1150 1349 1181 1368 ec
1200 1340 1238 1367 bi-

428 1379 531 1411 berent,
549 1379 662 1404 exortus
680 1379 723 1403 eet
740 1377 900 1411 repentinus
917 1381 1013 1410 terror,
1033 1377 1066 1404 ad
1081 1385 1159 1404 arma
1176 1385 1238 1403 con-

428 1414 573 1442 clamatum
593 1419 641 1446 cst,
661 1412 772 1448 Sui-gite
790 1413 936 1448 principes,
955 1418 1004 1440 ete.
1040 1413 1128 1440 Vivas
1146 1417 1238 1440 eutem

430 1450 623 1485 descriptiones
649 1449 776 1484 proponit
800 1448 893 1481 Isaias,
922 1453 954 1476 ut
978 1458 1035 1476 rem
1060 1449 1136 1484 quasi
1161 1457 1239 1483 prae-

429 1491 533 1514 sentem
553 1486 587 1512 ob
605 1485 695 1511 oeulos
713 1488 822 1511 statuat.
860 1484 942 1512 Certe
963 1493 1016 1511 non
1036 1489 1094 1511 tam
1113 1484 1240 1511 historice

429 1522 526 1550 recitat
543 1520 699 1555 Xenophon
726 1520 800 1547 urbis
824 1529 896 1555 expn
918 1521 1072 1547 nationem:
1097 1519 1170 1547 unde
1195 1528 1240 1554 ap-

428 1562 507 1593 paret
530 1565 584 1584 non
610 1555 759 1590 praesagiis
783 1555 900 1583 naturali
921 1565 960 1589 us,
987 1556 1036 1583 sed
1063 1555 1174 1583 coelesti
1197 1555 1239 1582 iu-

429 1593 531 1620 stinctu
559 1592 684 1620 edoctum
713 1591 796 1619 fnisse
820 1592 930 1626 Isaiam,
954 1592 1000 1626 qui
1027 1596 1083 1618 tam
1111 1591 1240 1626 graphice

429 1638 474 1656 res
491 1629 644 1664 incognitas
668 1627 794 1655 delineat.
830 1628 869 1654 Et
893 1627 1041 1655 notandum
1066 1631 1109 1654 est
1133 1632 1239 1662 tempus

431 1674 483 1700 quo
510 1664 578 1692 haec
599 1663 738 1698 praedicta
761 1667 835 1691 sunt.
876 1663 954 1691 Tunc
977 1665 1051 1691 enim
1078 1662 1239 1691 florentissi-

428 1710 489 1728 mus
516 1704 576 1727 eret
602 1703 689 1726 status
716 1700 793 1734 regni
821 1699 986 1734 babylonici,
1014 1703 1095 1734 atque
1121 1699 1240 1726 invictae

463 1736 564 1762 tentiae
583 1735 734 1767 videbatur,
761 1743 810 1762 noc
828 1735 883 1762 ulla
901 1735 1018 1769 pericula
1042 1733 1239 1762 reformidabat.

428 1745 510 1799 ffano
542 1771 715 1798 securitatem
746 1771 850 1797 deridet
876 1771 974 1802 Isaiae,
1007 1775 1090 1805 atque
1123 1770 1241 1797 ostendit

430 1808 578 1842 potentiam
612 1806 685 1833 illam
720 1806 798 1834 facile
829 1806 1008 1841 collapsuram
1041 1815 1108 1834 esse.
1160 1806 1240 1839 Quod

429 1843 624 1878 speculatorem
650 1842 804 1877 loquentem
830 1842 945 1876 inducit⁷
972 1851 1025 1869 non
1051 1841 1132 1869 debet
1155 1841 1240 1869 videri

430 1878 584 1907 absurdum.
623 1878 683 1905 Etsi
703 1878 776 1905 enim
801 1877 916 1912 superbo
941 1877 1096 1912 amentique
1121 1882 1240 1912 tyranno

430 1916 567 1950 ignaviam
588 1914 691 1942 obsidio
715 1922 770 1941 non
791 1918 948 1941 excusserat
971 1913 1117 1948 quominus
1140 1913 1241 1941 delitiis

431 1957 458 1978 et
475 1951 601 1985 crapulae
623 1949 789 1984 indulgeret:
815 1949 911 1984 vigiles
935 1955 1027 1976 tamen
1052 1949 1086 1976 ad
1111 1949 1241 1976 excubias

431 1986 549 2022 agendas
568 1986 653 2012 faisse
670 1985 814 2020 dispositos
833 1986 945 2012 minime
963 1984 1075 2012 dubium
1094 1990 1142 2012 est.
1180 1985 1241 2012 Mos

430 2028 473 2050 est
491 2022 600 2057 quidem
619 2021 795 2056 principibus,
813 2029 866 2056 quo
883 2029 913 2048 se
935 2021 1044 2047 liberius
1062 2026 1091 2047 et
1107 2021 1166 2047 sine
1185 2021 1241 2047 ulla

430 2057 633 2093 perturbatione
652 2057 679 2083 in
698 2065 794 2084 cinnes
812 2057 966 2092 voluptates
985 2056 1135 2087 effundant.
1155 2061 1241 2083 eusto-

432 2094 484 2121 diis
503 2102 532 2121 se
550 2093 671 2120 munire:
696 2092 743 2120 sed
765 2092 898 2127 propbeta
922 2092 1046 2120 consulto
1070 2092 1241 2120 excubitores

431 2130 527 2157 miscet
550 2137 611 2156 cnm
634 2136 744 2156 measse
769 2128 890 2158 lautitiis,
915 2137 966 2163 quo
990 2128 1087 2155 melius
1112 2133 1241 2163 appareat

431 2166 528 2200 spiritu
540 2165 684 2199 vertiginis
697 2173 853 2199 percussum
866 2164 951 2191 fnisse
962 2164 1076 2199 impium
1090 2169 1239 2199 tyrannum

430 2207 574 2236 antequam
593 2209 623 2227 se
639 2200 671 2227 ad
688 2200 876 2227 temulentiam
891 2200 1042 2234 proiioeret.
1073 2199 1241 2234 Epulabatur

431 2246 495 2272 ergo
520 2245 567 2264 τοι
587 2236 744 2270 Babylonis,
770 2244 852 2270 seque
876 2235 1000 2263 hilariter
1025 2235 1157 2263 tractabat
1178 2243 1240 2262 oum

431 2273 496 2304 suis.
515 2281 598 2308 quum
618 2271 706 2299 subita
724 2277 752 2298 et
770 2272 918 2306 improvisa
935 2271 1010 2298 clade
1025 2279 1171 2306 oppressus
1190 2276 1240 2298 est.

431 2308 494 2335 Nou
512 2308 583 2343 quod
603 2308 686 2334 fuerit
711 2313 790 2334 extra
808 2306 962 2338 discrimen.
986 2306 1035 2334 sed
1053 2308 1117 2341 quia
1136 2306 1241 2334 hostem

433 2353 526 2371 secure
544 2347 572 2370 et
591 2344 666 2378 quasi
685 2351 747 2370 cum
766 2343 883 2369 ludibrio
907 2342 1060 2376 spernebat.
1097 2344 1138 2369 Ac
1156 2343 1241 2377 pridie

539 556 673 584 Maiorem
698 556 778 582 etiam
805 555 905 583 doloris
928 556 1131 590 expressionem
1155 555 1188 582 ad

1149 297 1275 326 cAPu'r
1293 297 1376 326 XXI.

2044 297 2099 326 358

1281 375 1409 440 22:523?
1431 375 2012 440 3322ffl23⁵²ss⁰22¹5253⁶⁰ffim⁸3
2035 376 2100 440 {¹1¹3}

1281 447 1409 476 factionis
1427 455 1444 475 a
1462 455 1518 482 qua
1534 447 1658 483 proditus
1672 451 1722 475 est.
1755 446 1819 481 Quo
1834 455 1899 475 vero
1917 452 2040 483 tempore
2059 447 2099 475 lo·

1281 488 1383 518 quotus
1402 486 1443 511 est
1460 482 1556 516 Isaiae.
1574 491 1656 511 nemo
1670 486 1793 518 putasset
1811 483 1866 511 tale
1885 491 2006 518 unquam
2024 485 2097 511 tutu-

1282 527 1345 546 rum
1363 523 1529 554 portentum.

1353 555 1379 582 6.
1402 553 1548 591 (Quoniam
1563 554 1603 582 sie
1618 553 1708 589 dixit.)
1731 554 1846 582 Iubetur
1860 554 1995 590 propheta
2008 554 2098 582 loeare

1282 590 1312 617 in
1331 599 1344 617 s
1379 587 1442 618 cula
1458 590 1571 632 vigilem
1585 590 1632 632 qui
1648 590 1715 618 haec
1729 591 1837 618 eminus
1851 590 2013 625 prospiciat:
2031 590 2098 625 quis

1282 635 1337 653 non
1358 635 1403 653 um
1422 625 1508 654 oculu
1525 635 1608 660 cerui,
1627 635 1678 654 nec
1692 625 1848 654 coniectura
1863 627 1964 662 percipi
1983 625 2096 662 possint.

1282 661 1408 696 Proinde,
1428 666 1460 689 ut
1477 670 1570 689 omues
1588 662 1675 689 sciant
1697 662 1788 697 ipsum
1807 671 1860 689 non
1883 666 1984 690 temere
2003 662 2097 698 loquu-

1283 699 1341 725 tum
1361 706 1428 729 esse.
1447 706 1478 725 ea
1497 706 1527 725 se
1544 697 1672 725 nuntiare
1688 702 1813 728 testatur.
1832 706 1900 733 quse
1919 698 2028 726 tametsi
2047 697 2098 725 ho-

1282 733 1402 761 minibus
1424 733 1518 769 ignota
1541 738 1568 761 et
1590 732 1760 761 incredibilia
1788 734 1850 767 sint,
1877 733 1976 768 spiritu
2004 739 2096 761 temen

1283 768 1440 832 ffphfflm
1468 769 1541 797 clare
1567 772 1595 796 et
1621 768 1739 797 dilucide
1763 768 1897 804 cognovit,
1925 769 1990 804 quia
2014 777 2098 804 supra

1320 805 1402 832 minis
1420 804 1548 833 iudicium
1567 803 1704 832 evehitur.
1732 804 1819 840 quue
1837 805 1982 840 diligenter
1999 809 2095 833 noun-

1283 840 1348 868 dum
1368 845 1423 868 est:
1463 840 1508 868 uia
1527 848 1582 868 non
1601 843 1642 868 est
1659 840 1871 868 existimandum
1890 841 2037 876 prophetas
2055 839 2096 868 di-

1283 876 1380 904 dicisse
1398 877 1433 903 ab
1471 875 1606 903 ominibus
1631 884 1664 903 ea
1685 884 1755 911 quae
1779 876 1954 907 nunciarunt.
1979 882 2029 904 aut
2052 885 2097 903 so-

1283 911 1363 938 lertia
1381 920 1431 939 sna
1447 911 1626 947 praevidisse:
1650 911 1698 938 ssd
1723 918 1830 938 evectos
1854 921 1914 939 ease
1937 921 2021 948 supra
2045 912 2097 940 hu-

1282 956 1378 975 manos
1397 956 1501 979 sensus.
1521 951 1552 974 nt
1588 947 1661 974 roeul
1681 947 1748 974 haec
1766 947 1844 982 quasi
1862 957 1896 975 ex
1911 947 1969 975 alta
1985 947 2096 983 specula

1282 984 1465 1010 intuerentur.
1511 982 1555 1010 Uo
1576 991 1591 1010 e
1614 982 1696 1010 etiam
1723 983 1821 1010 merito
1846 983 1979 1012 videntes
2007 984 2095 1012 vocati

1282 1023 1358 1046 sunt.
1397 1019 1517 1046 'l'ametsi
1540 1018 1613 1046 enirn
1640 1027 1690 1047 nes
1718 1027 1825 1054 quoque
1852 1018 1985 1052 videmus.
2011 1018 2096 1047 hebes

1282 1056 1376 1082 tamen
1403 1058 1448 1082 eet
1471 1058 1597 1089 aspectus
1623 1058 1723 1088 noster.
1751 1054 1850 1089 vixque
1878 1054 1905 1082 id
1933 1055 2004 1090 quod
2032 1059 2096 1083 ante

1283 1090 1366 1125 pedes
1382 1094 1426 1118 est
1439 1091 1589 1118 cernimus:
1607 1090 1662 1117 imo
1677 1090 1825 1118 acutissimi
1843 1091 1942 1125 quique
1957 1091 2095 1118 interdum

1282 1126 1408 1162 caligant.
1446 1125 1522 1153 Nihil
1543 1126 1617 1153 enim
1641 1125 1715 1153 aliud
1738 1127 1892 1161 percipiunt
1915 1134 2000 1160 quam
2023 1126 2096 1161 quod

1282 1163 1388 1190 ratione
1406 1162 1534 1197 colligere
1551 1166 1672 1197 possunt.
1710 1161 1864 1197 Prophetae
1882 1167 1975 1190 autem
1994 1162 2094 1197 spiritu

1284 1198 1335 1225 Dei
1360 1198 1437 1233 quasi
1458 1206 1474 1225 e
1497 1197 1578 1225 coelis
1607 1197 1775 1240 loquuntur..
1794 1197 1916 1240 ‚Summa
1939 1197 1992 1226 huc
2016 1198 2095 1240 redit,

1282 1234 1623 1303 {5533325331‘02‘23153
1647 1233 2096 1304 ffil‘imtiiffssm'iffssuhmissss

1283 1304 1401 1340 Ideoque
1427 1313 1523 1332 nesus
1553 1309 1662 1332 nostres
1693 1310 1840 1340 exsuperat
1867 1313 1947 1340 quam
1976 1305 2096 1332 maximo

1282 1339 1437 1368 intervallo.
1474 1340 1536 1368 Hoc
1553 1340 1635 1368 etiam
1657 1340 1718 1375 plus
1737 1340 1892 1368 autoritatis
1915 1339 2005 1374 habet.
2023 1340 2095 1376 qnod

1283 1375 1395 1412 vigilem
1407 1376 1548 1404 constituit
1561 1375 1614 1403 Dei
1627 1376 1746 1404 nomine.
1773 1376 1805 1404 si
1817 1377 1878 1412 quis
1889 1385 1954 1412 erge
1974 1377 2095 1404 obiiciat:

1283 1412 1458 1440 Incredibilia
1473 1421 1578 1445 narras.
1597 1421 1628 1440 ae
1642 1413 1665 1440 si
1680 1421 1711 1440 re
1725 1413 1785 1448 ipsa
1799 1413 1968 1440 evenissent:
1987 1421 2096 1448 nepen-

1283 1449 1329 1476 det
1347 1457 1377 1475 se
1394 1449 1463 1476 nihil
1482 1452 1583 1476 temere
1601 1449 1738 1477 nunciare.
1773 1448 1829 1482 Qui
1847 1449 1919 1476 enim
1938 1449 2003 1483 vigil
2020 1453 2063 1476 est
2079 1457 2096 1476 a

1283 1484 1407 1520 principe
1425 1484 1596 1516 constitutus,
1617 1483 1689 1511 videt
1713 1485 1820 1512 eminus
1837 1493 1906 1519 quae
1923 1484 1985 1512 aliis
2002 1484 2096 1520 ignota

1283 1524 1357 1547 suut.
1395 1519 1442 1548 Sic
1463 1519 1550 1547 Isaiae
1577 1528 1611 1547 ea
1637 1519 1750 1555 spiritus
1776 1520 1943 1548 revelatione
1969 1520 2097 1548 cernebat

1283 1564 1352 1590 quac
1369 1555 1438 1584 alios
1457 1555 1586 1583 latebant.

1355 1591 1371 1619 ‘1
1389 1596 1418 1619 ct
1436 1592 1461 1620 8.
1485 1591 1535 1627 (Ee
1551 1591 1617 1619 vid-'t
1633 1591 1760 1628 mmm.)
1790 1590 1870 1626 Quae
1887 1600 1960 1620 nnuc
1979 1592 2095 1629 subiicit,

1283 1627 1375 1654 vivam
1402 1628 1604 1662 expressionem
1633 1627 1718 1655 cladis
1743 1627 1819 1655 illius
1843 1628 1990 1655 continent.
2030 1628 2095 1655 Exi-

1283 1663 1398 1691 stimant
1415 1667 1508 1691 autem
1527 1663 1595 1691 haee
1612 1671 1662 1698 per
1686 1664 1817 1691 nuncium
1841 1664 1914 1698 regis
1933 1663 2094 1699 significari:

1283 1698 1355 1734 qued
1373 1699 1472 1726 falsum
1495 1703 1544 1727 est.
1581 1699 1651 1727 Nam
1674 1699 1807 1734 propheta
1833 1700 1981 1727 denunciat
2004 1700 2095 1734 potius

1282 1735 1352 1776 quod
1372 1735 1488 1777 a'rigile
1507 1734 1562 1777 Dei
1579 1735 1654 1762 iussn
1673 1743 1692 1777 ⁵.
1708 1743 1737 1777 se
1755 1735 1904 1762 constituto
1922 1735 2012 1777 habet.
2040 1735 2095 1764 Hie

1283 1770 2095 1841 sssssdzztf⁶ffizt.ffi2:⁹32¹zffitzffi„22:¹¹2m21

1283 1842 1406 1884 verterit.
1425 1851 1534 1883 currum
1554 1850 1613 1869 esse
1631 1842 1682 1869 sit:
1702 1841 1800 1883 deinde
1836 1842 1927 1882 rcpius
1942 1842 2094 1883 attendens.

1282 1886 1454 1955 &0:352
1470 1877 1939 1955 ffixgtfxztfazziffguuffi?
1951 1880 2096 1942 02:3¹.ss

1283 1953 1326 1977 est
1343 1949 1487 1977 iudicium:
1507 1948 1613 1981 deinde,
1631 1957 1715 1984 quum
1734 1958 1779 1976 res
1796 1958 1856 1984 ipsa
1875 1949 1988 1984 propius
2005 1957 2095 1977 acees-

1283 1986 1332 2017 sit;
1355 1985 1452 2012 melius
1474 1984 1618 2012 indicatur.
1656 1985 1713 2012 Nec
1739 1992 1802 2012 vero
1824 1984 1970 2012 absurdum
1994 1988 2037 2012 est
2060 1985 2095 2012 ad

1283 2021 1430 2056 prophetas
1448 2021 1591 2048 transferri
1613 2025 1662 2048 aut
1685 2021 1792 2048 divinas
1811 2021 1929 2048 visiones
1952 2021 2024 2054 quod
2049 2021 2096 2048 ho-

1283 2057 1403 2084 minibus
1419 2056 1561 2084 convenit:
1584 2056 1648 2091 quia
1667 2057 1770 2084 seimus
1788 2060 1819 2083 ut
1838 2056 1912 2084 Deus
1930 2065 1960 2083 se
1984 2055 2094 2084 ruditati

1283 2096 1392 2120 nostrae
1419 2091 1625 2120 accommodans
1651 2092 1781 2127 suscipiat
1810 2092 1944 2120 humanos
1970 2091 2095 2120 affectus.

1283 2127 1406 2156 'Eandem
1434 2128 1538 2156 leonem
1563 2127 1767 2156 animadvertit.
1805 2127 1846 2155 Eo
1870 2128 1986 2155 Darium
2009 2128 2032 2155 si
2072 2128 2095 2155 i·

1284 2165 1359 2192 flcari
1378 2168 1482 2199 putant.
1501 2173 1518 2191 a
1552 2173 1587 2191 uo
1604 2164 1718 2192 subacta
1737 2163 1796 2191 Bab
1817 2163 1860 2191 lon
1879 2168 1960 2198 atque
1975 2173 2039 2199 sxpi
2068 2168 2096 2192 ta

1284 2204 1338 2227 est:
1358 2206 1389 2227 ut
1408 2200 1523 2227 habetur
1568 2200 1638 2227 aniel
1657 2199 1684 2228 5.
1721 2173 1815 2234 Quodv
1825 2199 1967 2227 excubitor
1989 2208 2020 2227 se
2037 2199 2096 2227 dies

1284 2241 1312 2263 et
1330 2240 1422 2263 noctes
1440 2236 1468 2263 iu
1487 2235 1597 2270 specula
1613 2235 1751 2263 assiduum
1770 2243 1830 2263 esse
1847 2235 1920 2268 dicit.
1944 2235 1978 2263 ad
1998 2236 2095 2263 contir-

1284 2272 1431 2299 metionom
1448 2270 1570 2299 vaticinii
1587 2272 1714 2307 pertinet.
1743 2273 1784 2299 As
1797 2270 1822 2298 si
1837 2270 1939 2299 diceret
1955 2270 2025 2299 nihil
2044 2271 2096 2299 hac

1287 2308 1389 2334 visione
1407 2308 1508 2334 certius
1527 2315 1599 2334 esse:
1623 2307 1688 2341 qaia
1705 2307 1878 2334 somniculosi
1903 2315 1959 2334 non
1977 2307 2035 2335 sint
2050 2307 2095 2334 vel

1287 2343 1396 2371 hebetes
1411 2343 1458 2378 qui
1476 2343 1608 2371 divinitas
1624 2343 1658 2370 ad
1677 2343 1871 2378 speculandum
1890 2343 2004 2378 profecti
2021 2346 2096 2372 sunt.

1882 2385 1927 2408 23·
