2497 2816
438 292 493 322 243

439 371 521 399 initos
543 379 638 399 omnes
663 380 721 399 csse
739 375 843 399 certum
863 376 912 406 est,
936 370 1022 399 donec
1038 379 1056 398 a
1072 370 1185 399 Christo
1203 380 1253 406 per

439 406 612 442 evangelium
624 405 800 442 subigantur:
815 415 908 435 omnes
923 406 1072 435 ambitione
1085 410 1113 434 et
1124 407 1252 442 superbia

439 446 554 476 tument,
572 442 730 479 priusquam
748 441 801 471 hae
820 442 955 470 medicina
970 446 1161 478 repurgentur.
1197 442 1252 470 Po-

439 482 533 506 terant
573 477 663 506 uidem
684 477 766 506 multi
788 478 898 506 inanem
916 483 945 506 et
961 478 1086 506 fallacem
1104 477 1252 506 modestiae

439 515 468 542 et
493 513 656 542 humilitatis
688 513 806 548 speciem
832 522 898 555 prae
925 522 955 542 ee
982 513 1068 547 fene,
1101 515 1148 542 scd
1175 514 1252 542 intus

439 553 485 577 tur
505 549 596 577 abunt.
633 549 769 585 Denique,
792 549 839 576 ab:
864 558 917 576 non
935 549 989 577 erit
1005 549 1121 586 spiritus
1139 549 1251 582 Christi,

438 585 486 613 nul
534 585 588 612 erit
607 594 671 612 vera
690 585 877 612 mansuetudo.

511 621 537 650 8.
555 620 604 658 (Et
627 620 812 658 oblectabitur.)
846 620 1027 656 Prosequitur
1050 620 1165 649 eandem
1190 630 1252 648 sen-

439 657 561 690 teutiam,
579 657 625 684 ubi
643 666 706 684 cum
720 656 782 684 Deo
797 656 928 684 redierint
941 658 971 684 in
986 656 1103 693 gratiam
1118 657 1250 690 homines.

439 696 467 721 st
481 692 579 728 spirita
593 692 811 728 regenerationis
823 701 841 720 ι
855 691 931 720 vitiis
945 692 1003 720 suis
1017 694 1126 728 purgati
1140 693 1252 728 fuerint,

437 729 575 756 immunes
589 737 696 763 quoqne
710 728 770 756 foro
785 728 819 756 ab
835 728 962 756 omnibns
974 728 1153 756 nocumentis.
1178 727 1253 763 Quia

437 773 494 793 non
513 763 566 792 alia
584 764 618 791 de
636 772 718 792 cansa
736 763 788 791 sibi
806 772 823 791 a
840 764 924 792 noxio
942 767 971 792 et
990 763 1126 792 virulento
1140 773 1252 799 serpen-

438 803 498 828 tum
515 808 608 828 morsu
626 803 754 827 metuant
768 799 900 833 homines,
920 800 971 827 nisi
987 800 1051 834 quia
1064 799 1170 835 indigni
1186 804 1253 827 sunt

439 835 489 864 snb
518 843 634 870 qnorum
660 843 745 863 mauu
773 835 911 863 contineat
934 834 1012 863 Deus
1038 844 1133 863 omnes
1156 835 1252 863 mundi

439 874 539 907 partes.
576 871 614 898 Et
638 874 711 898 certe
736 871 806 906 quod
830 870 976 898 laedendis
993 871 1076 898 etiam
1101 871 1252 899 infantibus

441 915 571 936 concessa
587 909 630 934 eet
648 907 812 934 animalibus
829 907 945 939 licentia,
964 907 1029 934 binc
1041 911 1154 942 apparet
1166 911 1252 934 totum

443 942 521 971 Adae
547 951 636 978 genus
661 942 764 977 peccati
791 941 852 970 labe
878 942 912 968 ab
940 942 996 977 ipso
1025 947 1103 970 utero
1130 952 1190 971 esse
1213 943 1255 970 in—

443 978 554 1006 fectum.
590 977 673 1005 Nunc
694 986 791 1005 rursus
816 977 934 1006 tenenda
958 980 1001 1006 est
1018 978 1066 1006 illa
1084 987 1164 1013 quam
1184 978 1253 1006 dixi—

443 1015 504 1042 mhs
531 1013 694 1041 similitudo:
721 1013 876 1048 quicunque
902 1022 938 1040 ex
965 1013 1123 1042 hominibus
1147 1015 1253 1043 occulto

443 1057 548 1078 veneno
571 1048 604 1077 sd
629 1048 781 1077 nocendum
805 1049 901 1077 referti
923 1053 995 1083 sunt,
1023 1052 1126 1078 mutato
1144 1050 1255 1086 ingenio

443 1085 500 1113 fore
519 1085 562 1113 vel
579 1085 671 1120 pueris
687 1085 821 1112 innoxios.
860 1083 995 1118 Quoniam
1016 1085 1061 1112 alii
1080 1086 1170 1120 palam
1188 1091 1255 1113 aunt

442 1120 592 1148 truculenti
616 1125 644 1148 et
668 1120 778 1153 feroces.
805 1120 850 1147 alii
874 1120 1005 1148 malitiam
1027 1129 1105 1148 snam
1125 1126 1252 1156 tanquam

442 1165 578 1185 venenum
602 1157 676 1184 intus
699 1159 801 1190 gerunt
818 1160 900 1190 atque
918 1157 1022 1184 fovent:
1048 1157 1118 1185 sicut
1136 1159 1218 1184 etiam
1237 1167 1255 1185 a

442 1192 551 1220 Davide
569 1191 734 1227 descriptum
756 1195 797 1220 est
815 1191 927 1228 (Psalm.
946 1193 991 1226 55,
1008 1193 1058 1228 223
1081 1193 1141 1226 140,
1159 1193 1176 1220 2
1195 1193 1254 1230 sq.).

443 1228 500 1256 Alii
523 1228 596 1255 enim
616 1229 796 1262 promptiores
813 1232 879 1255 sunt
897 1228 931 1255 ad
954 1229 1120 1263 prodendam
1140 1229 1254 1256 nocendi

442 1263 590 1298 libidinem,
604 1263 651 1290 alii
663 1263 805 1291 tardiores.
834 1263 920 1291 Porro
932 1264 1133 1300 qualescunque
1145 1265 1253 1299 fuerint,

443 1299 1253 1370 ffiiiiffiu‘im{Zigiiioemii‘ssmffimffi”giiiimqiii'

440 1370 564 1399 iecerint.
593 1369 737 1406 Significat
749 1355 831 1398 etiam
863 1371 972 1406 einoeps
986 1371 1170 1407 securitatem,
1185 1380 1253 1407 quae

442 1406 544 1443 passim
571 1406 665 1435 futura
691 1410 746 1440 est,
775 1406 856 1435 etiam
883 1407 918 1436 iis
944 1408 990 1443 qui
1017 1408 1092 1436 omni
1120 1407 1253 1443 praesidio

442 1447 548 1470 carent:
573 1449 605 1470 ut
628 1442 714 1470 libere
738 1442 858 1470 audeant
881 1452 941 1470 sese
957 1443 1086 1478 periculis
1105 1444 1253 1478 quamlibet

441 1479 594 1506 manifestis
613 1479 791 1506 committere.

513 1515 538 1542 9.
557 1514 630 1550 (Non
653 1513 794 1550 nocebunt.)
830 1514 889 1541 Iam
914 1518 1006 1550 aperte
1024 1515 1188 1550 pronunciat
1205 1515 1253 1543 ho-

442 1550 530 1578 mines
554 1550 634 1584 ipsos,
661 1549 784 1584 deposita
803 1559 872 1585 qnae
889 1550 956 1585 ipsis
974 1550 1136 1579 naturaliter
1153 1551 1255 1586 insidet

443 1585 589 1620 pravitate,
621 1584 656 1613 ad
687 1585 852 1620 aequitatem
884 1590 982 1620 sponte
1014 1586 1072 1614 fore
1098 1595 1253 1622 propenens.

442 1621 578 1656 Loqiiitnr
603 1625 694 1650 autem
721 1621 755 1648 de
781 1621 906 1650 fidelibus
933 1622 980 1656 qui
1006 1631 1072 1650 vere
1098 1623 1126 1650 in
1154 1632 1253 1650 novam

442 1657 528 1685 vitam
549 1657 665 1692 regeniti
689 1661 778 1684 erunt.
815 1657 886 1685 Nam
911 1657 961 1686 etsi
984 1658 1012 1686 in
1031 1659 1144 1686 ecclesia
1161 1659 1255 1686 electis

442 1692 497 1721 Dei
514 1693 644 1728 permixti
663 1697 728 1721 sunt
744 1692 823 1720 multi
840 1692 999 1729 hypocritae
1013 1693 1157 1729 iniquitate
1171 1694 1253 1730 pleni,

441 1733 506 1757 sunt
533 1733 627 1756 tamen
653 1728 801 1756 Ismaelitis
832 1729 934 1757 similes
961 1737 1028 1764 quos
1055 1739 1105 1757 suo
1133 1733 1253 1765 tempore

441 1764 520 1792 Deus
546 1765 643 1792 eiiciet.
690 1764 848 1792 Notandum
876 1765 950 1792 enim
976 1767 1020 1792 est
1046 1765 1116 1801 quod
1143 1765 1255 1794 docetur

441 1801 544 1828 Psalm.
573 1801 606 1828 15
628 1799 666 1837 (v.
686 1800 721 1837 1),
744 1805 773 1827 et
796 1800 833 1827 24
850 1799 886 1837 (v.
906 1801 941 1837 3),
965 1801 1030 1828 solis
1053 1801 1171 1829 iustitiae
1196 1801 1253 1830 cul-

443 1836 549 1864 toribus
573 1837 655 1864 fixam
681 1845 740 1864 esse
765 1836 858 1863 sedem
881 1836 909 1864 in
935 1836 1036 1871 templo
1054 1836 1115 1870 Dei,
1143 1840 1175 1864 nt
1197 1837 1253 1865 illic

443 1876 574 1907 perpetuo
608 1871 741 1900 habitent.
788 1872 863 1907 Ergo
896 1871 930 1900 ad
964 1872 1100 1907 legitimos
1126 1873 1253 1900 ecclesiae

443 1907 516 1937 cives
539 1907 591 1935 hoo
614 1908 740 1942 pertinet,
765 1907 800 1935 ab
824 1907 897 1934 omni
921 1908 1010 1935 studio
1035 1908 1148 1936 nocendi
1170 1917 1254 1942 puros

443 1952 510 1972 esse.
537 1942 619 1971 Unde
638 1944 719 1971 etiam
734 1942 895 1978 colligimus,
915 1943 956 1971 sin
977 1942 1053 1971 ulai-c
1066 1952 1125 1972 esse
1140 1944 1253 1978 spiritus

444 1978 548 2021 Curiati
573 1978 674 2021 donum
698 1982 730 2006 ut
748 1987 765 2006 a
783 1979 925 2021 maleficiis
936 1987 958 2020 ⁴a
977 1979 1097 2021 stineant
1115 1979 1253 2007 homines:

443 2014 1253 2085 {¹2:¹3303223‘2235.zum&„ffsssssssffisslfftsz‘gfiffi

444 2086 567 2114 avaritia.
603 2086 691 2113 Porro
717 2095 771 2113 non
796 2086 845 2114 abs
868 2095 898 2113 re
916 2086 1025 2114 subiicit
1044 2086 1186 2121 propheta,
1211 2087 1253 2113 in-

444 2121 638 2164 comparabile·
653 2121 706 2164 lion
729 2121 830 2164 bonum
854 2131 889 2149 ex
909 2121 961 2149 Dei
985 2122 1138 2157 cognitione
1161 2122 1253 2155 fluere,

444 2167 503 2222 2-31.
516 2157 830 2228 ”effusisque
845 2157 1255 2235 3512‘32.22‚⁶23033”2.2¹5.¹:¹333

445 2228 987 2306 affigit?”Qss‘afftss‘sszagbtxtssdqff
996 2229 1254 2293 :322323332223

446 2305 511 2328 sunt
534 2300 640 2329 Christi
668 2301 766 2336 spiritu
790 2299 990 2328 humanitatem
1015 2309 1080 2335 prae
1103 2310 1133 2329 se
1156 2301 1253 2334 serant,

446 2338 539 2364 tamen
563 2336 594 2364 in
618 2337 656 2364 eis
681 2335 818 2371 φιλαυτίαν
843 2335 975 2364 dominari
995 2341 1098 2364 certum
1116 2341 1165 2364 est.
1202 2337 1254 2364 Est

1171 292 1214 321 IN
1232 292 1372 322 ISAIAM

2052 292 2106 321 244

1296 371 1368 399 enim
1392 371 1519 399 omnibus
1542 372 1640 399 innata
1662 375 1742 406 uque
1766 371 1805 399 ita
1827 370 1959 406 ingenita,
1983 375 2015 398 ut
2032 379 2105 400 com-

1295 406 1377 434 moda
1399 415 1450 435 sna
1473 415 1530 435 non
1552 407 1666 435 aliorum
1685 409 1831 442 quaerant:
1857 411 1889 434 ut
1905 415 1936 434 se
1953 407 1962 434 i
1983 415 2028 434 sos
2044 405 2106 443 sibi,

1296 451 1351 470 non
1377 442 1437 470 aliis
1460 445 1540 471 natos
1565 442 1735 476 existiment,
1762 442 1917 477 vellentque
1941 441 1993 470 sii
2019 446 2106 471 totum

1296 478 1398 511 orbem,
1422 478 1445 506 si
1469 487 1567 514 possen
1613 478 1759 506 subiicere:
1784 478 1855 514 quod
1874 477 2024 514 prudenter
2041 485 2106 506 con-

1295 513 1428 542 sideravit
1444 514 1532 542 Plato.
1599 515 1643 542 ine
1668 513 1785 546 fraudes,
1807 514 1935 549 periuria,
1959 513 2040 546 farte,
2065 522 2108 542 ra-

1295 549 1375 584 pinae
1393 554 1420 577 et
1437 549 1547 577 infinita
1563 549 1721 577 huiusmodi
1738 549 1840 577 seelera
1855 554 2012 577 nascuntur.
2038 547 2107 577 an·

1296 585 1353 612 lum
1378 585 1463 621 igitur
1488 585 1560 613 aliud
1580 585 1730 613 remedium
1749 585 1901 612 domandae
1919 585 1984 612 huia
2000 585 2107 612 libidini

1294 620 1422 649 idoneum
1441 625 1490 656 est,
1508 621 1562 649 nisi
1580 625 1612 649 ut
1630 621 1720 648 Deum
1737 630 1770 649 co
1790 629 1940 648 noscamus.
1974 620 2108 648 Videmus

1296 661 1387 692 antem
1414 659 1448 684 nt
1472 667 1581 686 rursum
1608 657 1744 693 propheta
1770 630 1877 687 {bristi
1903 657 2049 691 imperim
2075 657 2106 684 in

1295 692 1348 721 fide
1377 696 1405 720 et
1430 693 1565 728 evangelii
1593 693 1718 720 doctrina
1746 695 1862 727 statuat,
1890 697 1922 719 ut
1949 697 2023 720 cene
2049 701 2105 720 non

1296 728 1374 756 aliter
1392 737 1443 756 nos
1462 728 1496 756 sd
1514 738 1543 756 se
1558 728 1668 764 colligit,
1687 737 1768 763 qnam
1786 727 1850 755 dum
1863 727 1958 756 illucet
1969 727 2108 756 mentibus

1297 764 1397 792 nostris
1423 763 1458 792 ad
1483 764 1710 792 manifestandam
1738 763 1880 792 coelestem
1909 764 2011 791 vitam:
2038 771 2108 799 qnae

1297 799 1366 828 nihil
1392 799 1467 828 aliud
1485 802 1536 834 est,
1558 800 1618 835 ipsc
1635 803 1712 831 teste.
1737 808 1817 835 quam
1838 807 2000 835 cognoscere
2019 807 2107 827 unum

1295 844 1395 864 veram
1413 836 1512 868 Deum.
1535 840 1563 863 et
1581 843 1660 871 quem
1678 835 1725 863 ille
1743 835 1827 867 misit,
1845 835 1937 862 Iesum
1955 834 2106 863 Christum.

1296 872 1383 899 Porro
1408 871 1538 898 scientiae
1560 871 1738 898 exuberantia
1762 871 1842 898 tacite
1869 878 1932 898 eum
1955 870 2004 898 illo
2031 870 2109 898 tenni

1297 911 1380 943 gustu
1404 907 1550 940 confertur,
1577 915 1655 942 quem
1674 906 1752 934 Dens
1776 906 1827 934 snb
1850 906 1910 942 lege
1929 905 2004 933 dedit
2023 907 2109 934 veteri

1297 942 1405 978 populo.
1442 942 1513 970 Nam
1537 951 1622 978 quum
1641 942 1735 970 Iudaei
1759 941 1860 969 detenti
1885 942 1988 968 inerint
2005 942 2035 968 in
2053 941 2108 970 ele-

1296 979 1395 1006 mentis
1413 978 1571 1014 puerilibus,
1591 978 1708 1013 perfecta
1725 977 1775 1005 lux
1792 978 1943 1013 sapientiae
1960 986 2010 1012 per
2023 986 2109 1005 evan-

1316 1014 1399 1042 elium
1427 1014 1506 1042 nobis
1535 1014 1565 1042 in
1592 1013 1710 1041 solidum
1738 1013 1856 1041 affulsit:
1883 1013 1954 1041 sicut
1980 1013 2064 1041 etiam
2090 1021 2108 1040 a

1313 1052 1414 1078 eremis
1438 1049 1492 1087 (31,
1511 1049 1557 1086 34)
1585 1049 1753 1084 praedictum
1778 1050 1881 1077 iuerat:
1915 1048 1978 1077 Non
2002 1048 2109 1077 docebit

1297 1086 1412 1120 quisque
1437 1087 1590 1120 proximum
1613 1093 1700 1118 suum,
1725 1089 1754 1112 et
1774 1085 1816 1112 vir
1833 1085 1945 1112 fratrem
1964 1093 2054 1118 suum,
2077 1088 2109 1118 ut

1298 1125 1462 1157 cognoscant
1487 1122 1592 1148 Deum:
1618 1121 1683 1156 qnia
1710 1129 1805 1148 omnes
1833 1125 1997 1156 cognoscent
2024 1128 2068 1148 me
2090 1128 2109 1148 a

1297 1157 1411 1185 minimo
1430 1166 1513 1192 usque
1533 1157 1568 1185 ad
1584 1157 1743 1185 maximum.
1780 1157 1858 1184 Haec
1875 1157 2003 1184 scientiae
2020 1155 2107 1190 pleni-

1298 1193 1377 1227 tudo,
1409 1193 1433 1220 si
1463 1193 1569 1220 animos
1603 1198 1708 1220 nostros
1741 1196 1865 1227 occupat.
1897 1192 1970 1220 omui
2003 1191 2109 1220 malitia

1298 1229 1445 1256 exinaniet.
1482 1229 1619 1256 Admonet
1637 1229 1718 1255 etiam
1738 1229 1784 1256 hic
1800 1229 1880 1260 locus,
1900 1228 1988 1262 qualis
2002 1228 2039 1255 eit
2055 1228 2108 1256 sub

1297 1270 1400 1300 papatu
1424 1264 1547 1298 eeclesia,
1572 1264 1618 1292 ubi
1642 1263 1702 1292 luce
1727 1263 1865 1292 doctrinae
1889 1263 2028 1297 suffocata,
2051 1263 2108 1291 imo

1298 1299 1490 1335 propemodum
1517 1301 1657 1333 exstincta,
1682 1309 1789 1328 summa.
1807 1299 1904 1341 religio
1922 1304 1964 1327 est
1980 1299 2010 1326 ‘iu
2029 1299 2109 1328 bruto

1298 1340 1408 1370 stupore
1437 1340 1550 1370 torpere.
1593 1334 1674 1369 Quod
1702 1336 1723 1362 si
1752 1335 1781 1363 in
1804 1335 1882 1362 nobis
1905 1334 1999 1362 statim
2027 1335 2110 1370 plena

1298 1372 1415 1407 cognitio
1439 1380 1495 1399 non
1520 1375 1571 1403 est,
1598 1371 1795 1405 proficiendum
1820 1371 1849 1398 in
1871 1370 1940 1403 dios,
1964 1371 2109 1406 magisque

1298 1406 1875 1479 33⁰mssffiepffissgffaffienssggag?
1899 1407 2110 1478 2223&ss

1297 1479 1325 1507 in
1353 1479 1458 1508 Christi
1491 1479 1583 1507 schola
1617 1479 1703 1506 maior
1735 1488 1798 1514 pars
1830 1479 1987 1515 profecerit,
2022 1488 2110 1514 quum

1297 1515 1398 1550 passim
1425 1519 1453 1542 et
1476 1514 1585 1542 fraudes
1610 1519 1638 1542 et
1660 1514 1770 1550 rapinae
1795 1519 1822 1542 et
1840 1514 1955 1542 iniuriae
1972 1514 2111 1549 quaslibet

1297 1554 1464 1586 grassentur.

1370 1586 1411 1614 10.
1430 1585 1478 1617 (Ee
1497 1586 1544 1613 m't
1562 1586 1592 1612 in
1609 1585 1672 1620 die.)
1697 1585 1802 1614 Iterum
1821 1585 1894 1614 redit
1910 1585 1945 1613 ad
1963 1594 2110 1621 personam

1297 1621 1416 1650 Christi:
1448 1621 1617 1656 eandemque
1647 1621 1852 1650 similitudinem
1881 1622 1991 1657 repetit,
2023 1630 2109 1656 qnam

1297 1667 1346 1693 pro
1370 1658 1449 1685 initio
1474 1658 1570 1692 capitis
1588 1662 1785 1692 assumpserat:
1811 1657 1924 1686 Radicis
1942 1657 2045 1686 scilicet
2063 1657 2110 1686 vel

1297 1694 1398 1722 surculi
1424 1702 1458 1721 ex
1487 1693 1583 1721 mutilo
1608 1698 1704 1722 trunco
1728 1693 1899 1728 prodeuntis„
1927 1694 2003 1721 cuius
2029 1692 2111 1722 nulla

1298 1729 1423 1757 exstabat
1460 1729 1623 1764 superficies.
1676 1731 1718 1756 Ao
1750 1730 1875 1756 futurum
1909 1729 2045 1764 praedicet
2077 1734 2110 1758 ut

1297 1767 1400 1801 gentes,
1427 1774 1496 1800 quae
1515 1765 1590 1799 prius
1608 1774 1625 1792 a
1643 1763 1752 1792 Iudaeis
1772 1764 1961 1801 abhorrebant,
1980 1765 2110 1801 deinceps

1297 1805 1453 1828 reverenter
1473 1801 1593 1836 ipsorum
1612 1809 1703 1836 regem
1724 1801 1931 1835 amplectantur.
1962 1801 1994 1828 Id
2013 1806 2110 1829 autem

1295 1836 1455 1864 incredibile
1473 1836 1582 1863 omnino
1602 1836 1688 1862 videri
1708 1841 1829 1871 poterat:
1848 1845 1898 1864 nee
1914 1836 2024 1864 dubium
2039 1837 2109 1872 quin

1297 1872 1392 1900 multis
1417 1871 1532 1900 saeculis
1557 1871 1645 1898 derisa
1667 1872 1702 1898 sit
1726 1872 1883 1907 promissio,
1910 1872 2019 1907 quando
2043 1872 2110 1901 talis

1295 1908 1418 1936 collectio
1452 1911 1540 1935 stante
1572 1915 1602 1934 sc
1637 1907 1750 1935 florente
1781 1908 1873 1943 potius
1906 1916 1987 1942 quam
2014 1909 2109 1936 exciso

1296 1953 1380 1980 regno
1398 1943 1533 1978 speranda
1557 1947 1623 1969 erat.
1659 1942 1764 1971 Verum
1783 1946 1821 1971 ita
1840 1944 1960 1972 exscindi
1979 1945 2109 1978 oportuit,

1297 1984 1328 2007 nt
1354 1983 1448 2015 postea
1477 1978 1654 2006 excitaretur:
1682 1979 1822 2014 magisque
1850 1980 1877 2006 in
1907 1988 1938 2006 eo
1964 1979 2052 2014 gloria
2079 1983 2110 2008 et

1297 2016 1418 2050 potentia
1430 2015 1492 2050 Dei,
1510 2022 1592 2049 quam
1610 2014 1638 2042 iu
1651 2015 1762 2042 florenti
1775 2023 1864 2042 rerum
1878 2019 1951 2042 statu
1964 2015 2109 2044 reluceret.

1297 2051 1367 2085 Quis
1398 2051 1470 2078 euim
1503 2051 1623 2077 humano
1652 2059 1732 2078 sensu
1759 2051 1976 2086 apprehenderet
2003 2056 2109 2080 tantam

1297 2086 1398 2114 surculi
1417 2086 1597 2119 altitudinem,
1617 2089 1648 2112 nt
1665 2087 1810 2122 conspicua
1830 2091 1900 2113 esset
1919 2087 2022 2114 cunctis
2040 2096 2108 2122 gen-

1297 2123 1377 2154 tihus,
1397 2126 1478 2157 atque
1497 2121 1530 2149 ad
1548 2131 1578 2149 se
1595 2125 1715 2149 verteret
1732 2122 1854 2149 omnium
1874 2121 1983 2150 oeulos?
2019 2122 2108 2158 Atqui

1297 2159 1375 2186 illum
1400 2160 1537 2191 comparat
1561 2157 1663 2184 vexillo
1687 2159 1713 2186 in
1739 2157 1855 2185 sublime
1874 2163 1999 2185 extento:
2024 2158 2109 2194 idque

1297 2194 1398 2222 scimus
1431 2194 1513 2220 fuisse
1540 2193 1682 2228 impletum
1712 2194 1845 2229 evangelii
1874 2194 1980 2229 promul
2019 2194 2106 2223 tione:

1297 2234 1325 2257 et
1348 2228 1457 2264 quidem
1480 2229 1648 2264 splendidius
1673 2238 1754 2264 quam
1777 2231 1802 2257 si
1820 2230 1960 2258 volitasset
2003 2229 2107 2258 hristus

1297 2274 1378 2301 super
1403 2265 1496 2292 nubea.
1539 2265 1643 2292 Eodem
1667 2266 1785 2300 pertinet
1809 2266 1880 2300 quod
1905 2265 1971 2294 dicit
1994 2266 2070 2294 Ioan.
2089 2266 2106 2294 3

1297 2301 1333 2338 (v,
1349 2300 1407 2337 14):
1427 2301 1507 2328 Sicut
1518 2300 1610 2328 Moses
1628 2301 1760 2328 exaltavit
1778 2307 1930 2336 serpentem
1946 2303 1974 2328 in
1990 2301 2106 2334 deserto.

1297 2337 1336 2364 ita
1354 2336 1468 2364 exaltari
1487 2339 1593 2371 oportet
1611 2336 1697 2364 filium
1719 2337 1845 2364 hominis.
1880 2337 1995 2372 Requiri
2013 2342 2105 2366 antem
