2497 2816
413 305 464 332 207

411 382 487 419 peior
503 382 629 418 euspicio,
650 382 744 410 favere
762 382 854 410 Deum
872 383 962 417 ipsum
981 383 1120 411 sceleratis
1138 382 1222 410 latro-

411 418 500 452 nibus,
526 418 574 453 qni
599 419 702 453 rapinis
724 423 752 446 et
775 418 955 446 seditionibus
971 418 1056 446 dediti
1075 419 1116 446 ins
1136 425 1164 446 et
1181 419 1222 446 fas

410 462 493 482 omne
524 455 696 489 spernebant.
743 453 822 482 Certe
855 455 947 481 statim
1035 455 1148 482 'meent
1174 458 1223 482 ant

410 490 502 518 Deum
521 490 660 526 negligere
675 498 746 522 suos,
765 495 814 516 ant
829 463 1047 518 eumenii-effi
1063 499 1118 517 non
1134 499 1222 525 posse,

410 529 458 554 aut
474 535 554 554 caseo
573 526 698 553 fonnnae
715 525 818 560 impetu
837 526 930 553 omnia
949 526 1058 553 versari.
1095 525 1139 553 Ne
1155 534 1222 562 ergo

410 561 537 590 deficiant
554 561 653 589 animis
671 570 703 588 ac
721 561 890 596 frangantur,
917 562 999 589 huius
1019 562 1140 589 vaticinii
1159 571 1222 590 con-

410 597 542 625 solatione
579 599 698 625 occurrit
734 597 878 631 propheta,
915 597 1083 632 Babylonios
1115 605 1223 632 quoqne

410 641 512 668 poenas
533 632 646 660 daturos
668 633 822 660 osteudens.
859 632 901 660 Ad
927 633 993 661 haec
1016 642 1063 661 eos
1081 633 1223 660 admonuit

408 669 586 704 comparatio.
614 677 695 703 qnam
719 669 812 703 gravis
839 669 914 703 ipsos
941 674 1065 696 maneret
1092 668 1221 703 vindicta,

409 713 490 740 qnam
508 705 626 732 scientes
645 708 672 731 st
690 705 814 732 volentes
831 705 882 732 sibi
906 706 1113 733 accersiverant.
1149 705 1221 732 Nam

408 742 431 768 si
450 740 597 768 incredulis
616 745 643 768 ct
663 741 785 774 profanis
803 741 940 775 gentibus.
965 749 1034 775 quae
1052 741 1080 768 in
1101 740 1221 768 tenebris

409 781 581 808 erraverant,
613 780 668 803 tam
696 777 819 811 graviter
847 777 969 803 minatur
997 777 1085 807 Dcus.
1118 781 1221 811 quanto

407 812 520 848 rigidior
543 813 634 839 futura
652 817 694 839 est
713 812 773 838 eius
795 813 926 838 severitas
945 821 1011 848 erga
1028 812 1156 840 rebellem
1175 821 1221 847 po-

408 848 516 883 pulum,
550 848 595 883 qui
626 847 690 875 data
718 855 800 882 opera
828 847 969 882 peccavit?
1015 847 1120 876 Servus
1148 848 1221 875 enim

407 885 496 911 sciens
512 883 679 910 voluntatum
696 883 800 910 dornini
815 883 865 915 sui.
885 888 911 910 et
926 892 981 910 non
996 884 1106 915 faciens,
1125 884 1222 910 merito

409 918 504 947 durius
529 918 649 954 vapulat.
689 920 766 946 Deus
786 928 851 954 ergo
870 919 956 947 caecis
975 920 1146 947 denuncians
1165 924 1221 947 tam

408 961 513 983 atroces
533 963 641 990 poenas,
661 955 778 986 Indaeis.
797 955 843 989 qui
862 955 890 982 in
907 955 966 990 lege
981 955 1087 982 educati
1105 955 1221 987 inerant.

409 996 539 1026 tanquam
567 992 594 1018 in
619 991 729 1026 speculo
755 991 894 1025 proposuit
920 991 983 1025 quid
1010 995 1102 1018 essent
1121 991 1220 1018 meriti.

410 1027 576 1061 Praecipuus
593 1032 683 1053 tamen
699 1027 786 1053 Isaiae
800 1035 898 1061 scopus
913 1027 966 1053 erit
977 1027 1005 1054 in
1020 1027 1063 1054 his
1076 1027 1220 1058 vaticiniis,

409 1062 518 1090 Indaeis
541 1062 684 1089 ostendere
706 1071 787 1097 quam
806 1071 870 1089 cara
889 1062 948 1089 Deo
966 1068 995 1089 ct
1011 1063 1131 1098 pretiosa
1149 1067 1221 1089 esset

409 1107 503 1126 eornm
528 1098 615 1131 salus,
644 1107 726 1133 quum
754 1098 878 1125 viderent
902 1107 1012 1126 eausam
1037 1107 1116 1125 suam
1135 1098 1170 1125 ab
1187 1107 1220 1125 eo

409 1134 519 1170 suscipi.
546 1139 574 1160 et
602 1133 731 1160 vindicari
761 1133 851 1160 illatas
878 1133 930 1160 sihi
958 1135 1080 1161 iniurias.
1126 1135 1221 1161 Primo

409 1176 498 1197 autem
526 1170 584 1197 loeo
613 1170 646 1196 de
674 1170 766 1197 futura
790 1169 943 1197 vastatione
965 1175 994 1197 et
1019 1170 1124 1197 excidio
1142 1171 1219 1205 regni

409 1205 507 1233 indaici
533 1210 559 1232 et
583 1206 721 1233 israelitici
746 1206 872 1240 loquutus
890 1212 945 1232 ost:
969 1207 1032 1240 qnia
1050 1214 1160 1234 neeesse
1178 1210 1220 1234 eet

410 1241 538 1269 indicium
565 1242 684 1276 incipere
711 1250 726 1268 a
749 1242 830 1268 domo
855 1241 915 1268 Dei.
954 1241 1122 1269 Peculiarcm
1147 1243 1219 1269 enim

409 1277 618 1305 sollicitudinem
648 1278 679 1304 de
708 1279 765 1304 suis
792 1277 865 1312 gerit
891 1277 1040 1311 Dominus,
1073 1286 1220 1312 eorumque

410 1313 543 1376 {¹²:323ss
564 1314 706 1383 1223232?
719 1313 855 1376 itii..
871 1313 1220 1376 22⁰³?21'0„.22:²³2¹:‚..¹::‘:

409 1384 621 1413 accommodare.
659 1384 796 1412 Dominus
823 1384 931 1419 quidem
960 1384 1040 1412 hodie
1062 1394 1114 1412 non
1142 1393 1218 1420 prae·

410 1421 474 1448 dicit
499 1421 526 1448 in
547 1421 636 1455 speeie
661 1429 839 1455 quaecunque
858 1422 949 1456 regnis
967 1426 995 1448 et
1013 1421 1121 1456 populis
1139 1429 1220 1449 even—

409 1462 470 1484 t-nra
494 1461 572 1484 sunt:
602 1465 653 1484 nec
674 1462 765 1484 tamen
791 1465 859 1489 eam,
885 1465 967 1490 quam
986 1456 1106 1492 suscepit
1123 1457 1219 1484 mnndi

409 1491 681 1525 administrationem,
699 1493 858 1527 resignavit.
894 1492 1008 1526 Quoties
1026 1501 1092 1527 ergo
1110 1493 1218 1520 urbium

409 1528 529 1570 cncidia.
558 1529 681 1570 gentium
707 1537 866 1570 aerumnas,
881 1533 918 1570 ⁴et
943 1537 1088 1570 regn-orum
1106 1537 1219 1556 eonver-

409 1572 714 1640 :2⁰⁰:zm3‘1‘ssfflmsss
736 1564 1127 1640 fissi¹i1220¹1¹1¹÷2¹¹33²3222¹n⁰ui¹¹
1130 1569 1220 1627 :iffi

409 1635 479 1662 malo
519 1644 627 1671 sapere,
666 1636 848 1670 tristitiaeque
881 1640 989 1662 nostrae
1022 1636 1218 1671 mitigationem

443 1676 541 1698 tamus.

408 1679 442 1706 pe
479 1707 586 1743 (Onus.)
625 1707 666 1734 De
685 1707 816 1734 vocabulo
833 1707 941 1740 Oneris,
968 1707 1039 1742 quod
1063 1707 1220 1742 frequenter

408 1745 532 1775 occurrit,
548 1744 586 1770 sic
600 1742 719 1770 breviter
732 1743 886 1771 habendum
901 1748 956 1771 est:
976 1743 1123 1771 Familiare
1136 1744 1220 1771 fuisse

407 1779 461 1807 Dei
480 1779 626 1814 prophetis,
644 1779 749 1814 quoties
768 1779 869 1813 aliquid
888 1779 1033 1806 adversum
1053 1780 1220 1807 denunciare

408 1815 551 1842 volebant:
576 1820 608 1842 ut
631 1815 712 1842 sciret
737 1815 855 1850 populus
877 1815 946 1842 nibil
965 1815 1085 1842 accidere
1104 1815 1219 1849 adversi,

408 1851 480 1886 quod
506 1860 562 1877 nen
582 1851 715 1878 Dominus
740 1851 799 1885 ipse
825 1851 901 1877 velut
920 1860 990 1877 onus
1008 1851 1150 1878 hominum
1170 1851 1221 1878 hn-

409 1887 492 1914 meris
516 1887 676 1922 imponeret.
713 1886 786 1920 Quia
811 1891 901 1913 autem
926 1886 1086 1921 improbitas
1110 1891 1136 1913 et
1160 1895 1218 1922 per-

409 1923 510 1950 visseis
529 1922 622 1957 populi
640 1922 754 1957 cogebat
772 1922 918 1957 prophetae
934 1922 1040 1950 assidue
1053 1922 1086 1950 de
1103 1922 1219 1957 flagellis

410 1958 461 1985 Dei
480 1959 643 1990 concionari,
663 1958 727 1985 hine
746 1958 847 1985 factum
867 1962 916 1990 est.
935 1962 966 1985 ut
983 1958 1091 1993 vulgari
1106 1958 1219 1985 dicterio

407 1994 564 2030 prophetias
604 2001 699 2021 omnes
737 1998 862 2021 notarent
898 1995 988 2021 oneris
1025 1993 1218 2028 appellatione:

407 2029 634 2064 quemadmodum
653 2038 687 2056 ex
707 2029 823 2056 Ieremia
841 2034 955 2063 constat,
976 2039 1033 2064 cap.
1053 2029 1088 2057 23
1106 2029 1145 2064 (v.
1164 2029 1218 2065 36),

407 2066 454 2093 nbi
474 2066 606 2093 Dominus
631 2065 753 2100 graviter
776 2066 955 2097 excandescit,
980 2065 1051 2100 quod
1077 2065 1128 2092 hoc
1147 2066 1218 2092 ludi-

409 2101 467 2129 brio
490 2110 546 2128 non
565 2101 667 2128 infame
685 2106 799 2131 tantum.
825 2101 871 2128 sed
891 2101 1013 2128 odiosum
1033 2109 1138 2136 qnoque
1157 2110 1218 2128 ver-

407 2136 473 2164 bnm
491 2145 571 2164 suum
591 2136 745 2164 redderent.
774 2137 863 2164 Porro
881 2137 948 2164 haec
967 2146 1021 2164 vox
1041 2137 1091 2172 piis
1106 2136 1218 2171 indicat,

408 2173 497 2200 clades
523 2182 618 2201 omnes
643 2178 724 2208 atque
751 2181 895 2200 aerumnas
919 2173 1023 2208 iniungi
1050 2182 1064 2200 a
1092 2173 1216 2204 Domino.

407 2213 439 2236 nt
458 2209 571 2244 quisque
586 2210 689 2244 peccati
705 2209 746 2235 sui
765 2217 878 2243 poenam
895 2210 1033 2236 sustineat.
1062 2208 1103 2236 Ae
1118 2209 1218 2236 diserte

408 2245 537 2279 exprimit
560 2245 663 2272 visione
686 2245 796 2272 coelesti
821 2244 871 2272 eibi
896 2244 979 2271 fuisse
997 2249 1126 2271 testatum
1145 2244 1216 2279 quod

408 2280 530 2308 dicturus
553 2285 602 2315 est,
626 2286 658 2308 nt
681 2280 747 2307 haee
772 2281 903 2307 autoritas
926 2280 1098 2314 praevaleret
1123 2285 1218 2307 eontra

407 2325 500 2344 omnes
525 2317 614 2344 carnis
638 2325 740 2344 sensus.
783 2316 852 2343 Erat
875 2316 946 2342 euim
970 2315 1075 2343 creditu
1101 2315 1218 2350 difficile,

408 2357 463 2379 tam
496 2353 638 2379 florentem
673 2351 858 2379 monarchiam
887 2351 1025 2386 tantisque
1052 2351 1148 2386 opibus
1175 2353 1218 2378 in·

495 2394 585 2418 Caluini
599 2401 675 2424 opera.
702 2394 749 2417 Vol.
766 2393 884 2417 XXXVI.

1137 305 1263 333 CAPUT
1279 304 1364 332 xm.

2029 305 2084 334 258

1266 387 1398 412 structam
1416 391 1497 419 posse
1513 382 1572 412 allo
1587 383 1667 411 modo
1681 384 1778 412 everti.
1804 383 1880 420 Ergo
1891 391 1976 419 quum
1989 385 2085 412 oeulos

1266 420 1462 455 peratringeret
1488 423 1582 446 tantae
1608 419 1747 462 potentiae
1773 419 1906 462 intuitus.
1939 419 2005 447 inda
2035 428 2085 462 eea

1265 455 1404 533 {²5:533
1417 455 2081 526 ss0i⁶emffisse.x·:3ss·xtszixtss⁹s

1266 526 1374 560 iudicio,
1393 526 1448 555 fide
1467 531 1637 561 exspectent.

1337 562 1363 590 2.
1391 561 1490 598 (Super
1521 562 1653 599 mosten)
1696 561 1732 589 In
1765 562 1870 590 montis
1899 562 2012 590 nomine
2039 567 2082 591 est

1265 598 1438 633 metaphora:
1457 598 1522 633 qnia
1539 597 1573 625 de
1591 597 1735 633 Babylone
1753 607 1842 626 sermo
1860 602 1910 631 est,
1928 606 2010 633 qoam
2029 600 2082 626 sci·

1264 642 1327 662 mus
1354 635 1383 661 in
1407 634 1518 677 planitie
1543 634 1625 662 fuisse
1648 635 1746 669 sitam,
1773 634 1821 662 sed
1844 635 1947 662 summi
1970 635 2080 669 imperii

1265 675 1398 704 respectu,
1425 678 1502 704 quasi
1527 678 1615 698 arcem
1642 678 1714 704 quae
1731 671 1851 698 emineat
1869 678 1950 705 supra
1969 675 2080 698 cunctas

1265 712 1370 740 gentes,
1395 714 1456 733 eam
1480 706 1510 733 in
1534 705 1643 733 sublimi
1670 705 1776 733 statuit.
1812 705 1873 734 Nisi
1899 706 1970 734 forte
1993 707 2081 742 magis

1265 742 1371 776 placeat
1397 749 1497 768 nemen
1524 742 1626 768 montis
1656 741 1799 768 indefinite
1826 741 1960 776 accipere:
1995 751 2028 770 sc
2054 742 2080 770 si

1266 777 1381 810 diceret,
1408 777 1438 806 δ’
1479 785 1495 804 o
1521 777 1584 804 dato
1611 777 1669 804 fore
1697 785 1825 812 magnum
1851 786 2015 806 concursum
2045 786 2080 805 ex

1264 813 1460 876 xima
1472 814 1590 883 335⁶·
1607 812 1966 877 ii³t¹zz³fi÷ss²zziizt⁰ss÷
1989 849 1999 876 i
2017 818 2080 884 3¹25:

1267 883 1378 911 habilior
1397 883 1520 911 videtur:
1539 884 1586 912 ssd
1606 883 1682 912 volni
1700 885 1790 920 priore
1808 885 1866 912 loco
1884 885 1987 912 referre
2005 885 2079 920 qnod

1265 920 1446 947 communiter
1468 925 1608 954 receptum
1632 922 1699 948 erat.
1737 920 1896 948 Ridiculum
1920 926 2013 948 umen
2034 921 2079 948 vi·

1265 955 1323 982 deri
1347 960 1444 990 posset.
1471 955 1542 990 qnod
1565 955 1610 983 hic
1633 956 1766 983 creaturis
1789 961 1920 990 tanquam
1943 956 1995 984 sibi
2013 956 2078 984 snb-

1264 991 1342 1018 iectie
1359 992 1476 1026 imperat
1495 991 1634 1026 propheta.
1654 991 1708 1018 nisi
1727 995 1798 1018 esset
1815 992 1965 1019 instructus
1983 1001 2000 1018 s.
2017 992 2079 1019 Deo

1264 1027 1375 1062 eiusque
1399 1027 1545 1054 autoritate
1569 1027 1702 1055 munitus.
1741 1027 1795 1054 Hic
1819 1028 1892 1054 enim
1916 1027 1998 1054 bomo
2021 1028 2077 1062 pri-

1265 1067 1345 1090 vatus
1368 1064 1485 1097 imperat
1502 1062 1593 1090 Medis
1613 1067 1643 1089 et
1660 1062 1760 1096 Persis,
1784 1067 1915 1090 oouvoost
1934 1063 2077 1097 exereitus,

1264 1097 1395 1126 vexillum
1415 1097 1507 1126 efferri
1524 1098 1608 1130 iubet.
1632 1098 1747 1126 sla-sico
1765 1098 1866 1126 emittit
1883 1098 1918 1125 ad
1937 1098 2077 1133 proelium.

1264 1134 1315 1161 Est
1341 1134 1428 1170 igitur
1454 1133 1500 1161 liic
1526 1133 1724 1162 consideranda
1752 1135 1803 1162 Dei
1832 1135 1974 1168 maiestas,
1999 1134 2078 1162 cuius

1263 1170 1374 1197 nomine
1401 1170 1574 1205 loquebatur:
1602 1175 1686 1205 atque
1712 1170 1795 1198 etiam
1823 1170 1866 1198 vis
1891 1175 1920 1197 et
1947 1171 2077 1203 efficacia,

1263 1214 1333 1240 quse
1351 1214 1458 1240 semper
1476 1206 1561 1234 verbo
1578 1206 1724 1234 coniuncta
1741 1210 1791 1233 est.
1819 1206 1910 1240 Atque
1926 1207 1998 1240 apud
2014 1215 2076 1240 pro·

1264 1241 1362 1276 phetas
1387 1241 1488 1276 passim
1511 1246 1658 1270 occurrunt
1677 1242 1746 1270 istae
1764 1241 1891 1276 loquendi
1910 1242 2022 1277 formae,
2047 1246 2079 1270 nt

1264 1278 1341 1311 qussi
1366 1278 1395 1304 in
1420 1286 1450 1305 re
1473 1278 1610 1312 praesenti
1638 1277 1716 1305 nobis
1742 1277 1857 1312 liqueat.
1887 1277 1956 1304 nihil
1984 1277 2075 1306 Deum

1263 1313 1364 1340 minari
1395 1321 1444 1348 per
1471 1321 1565 1340 servos
1592 1321 1671 1346 suos,
1705 1314 1771 1348 quin
1799 1313 1890 1340 stetim
1919 1319 2014 1348 parata
2040 1314 2078 1340 sit

1263 1349 1432 1413 exsgqungio.
1460 1349 1574 1390 Poterat
1591 1353 1664 1413 ss't‘!
1679 1349 1768 1413 1εὲιίιὲ
1784 1349 2078 1413 εἰωρΙίεέιι-Μῑὲιιιιᾱίὲ

1264 1393 1312 1412 ver
1331 1394 1354 1412 is
1400 1392 1559 1413 enunciare:
1621 1393 1700 1413 anien
1768 1393 1845 1413 orsae
1872 1393 1888 1413 e
1994 1393 2002 1412 ι
2049 1394 2065 1413 e

1263 1426 1442 1456 prorumpent
1457 1422 1486 1449 in
1507 1426 1600 1455 portas
1618 1421 1777 1457 Babylonis,
1801 1421 1950 1456 quamlibet
1969 1405 2078 1456 egiegie

1263 1458 1369 1484 mnnita
1397 1457 1442 1484 sit.
1483 1456 1538 1484 Sed
1563 1457 1651 1485 multo
1673 1457 1736 1492 plns
1760 1458 1949 1485 vehementiae
1975 1456 2078 1484 habent

1263 1492 1474 1520 exclamationes
1492 1493 1569 1526 istae,
1588 1493 1636 1520 ubi
1655 1501 1710 1520 non
1727 1493 1806 1520 modo
1819 1493 1920 1520 fecialis
1933 1501 2078 1528 personam

1263 1529 1380 1555 induens
1408 1529 1508 1556 bellum
1536 1529 1643 1562 indicit,
1674 1528 1722 1556 sed
1750 1537 1800 1564 pro
1827 1537 1934 1556 summo
1960 1529 2077 1563 imperio

1263 1564 1383 1596 mandat.
1403 1569 1435 1592 ut
1449 1564 1524 1591 Medi
1543 1569 1572 1591 at
1585 1564 1687 1592 Persae
1706 1573 1760 1592 non
1779 1573 1857 1592 secus
1871 1572 1903 1592 ae
1919 1564 2078 1592 conductitii

1263 1600 1363 1627 milites
1388 1601 1558 1627 conveniant.
1596 1599 1691 1636 Neque
1716 1600 1789 1627 enim
1809 1604 1918 1627 tantum
1931 1599 2015 1628 ’docet
2032 1609 2079 1628 eos

1263 1636 1295 1662 ad
1315 1635 1371 1662 Dei
1390 1640 1488 1663 nutum
1507 1639 1613 1671 praesto
1632 1636 1731 1667 adfore.

1263 1672 1365 1699 stinctn
1394 1677 1552 1699 moventur:
1581 1671 1628 1700 ssd
1657 1672 1722 1707 qnia
1742 1680 1760 1699 a

1263 1706 1417 1734 testandam
1445 1707 1578 1735 divinitus
1605 1707 1705 1735 missus
1730 1712 1785 1740 est,
1813 1707 1940 1734 effectum
1970 1709 2009 1734 rei
2036 1707 2078 1734 in-

1263 1742 1400 1771 credibilis
1419 1743 1478 1771 voci
1492 1751 1560 1771 suae
1574 1743 1710 1771 vendicat.
1739 1742 1855 1772 Samma
1868 1747 1919 1776 est,
1938 1742 1984 1770 ubi
2001 1742 2077 1770 Deus

1263 1779 1393 1814 loquutus
1427 1782 1468 1806 est
1494 1778 1528 1806 de
1554 1786 1670 1812 eventu.
1704 1787 1760 1806 nen
1789 1787 1848 1806 esse
1874 1779 2076 1813 ambigendum.

1263 1815 1367 1842 Notata
1382 1815 1463 1842 etiam
1477 1814 1589 1850 dignum
1603 1818 1653 1847 est.
1668 1815 1741 1849 quod
1753 1815 1906 1849 suppressis
1917 1813 2076 1841 nominibus

1263 1851 1389 1885 designat
1411 1851 1510 1878 Persas
1535 1859 1566 1878 ac
1584 1850 1693 1878 Medos:
1720 1851 1784 1885 quia
1808 1851 1897 1885 magis
1921 1849 2077 1884 emphatica

1262 1891 1305 1914 eet
1329 1887 1382 1913 iata
1408 1886 1593 1917 denunciatio.
1622 1885 1669 1913 nbi
1693 1890 1822 1921 tanquam
1846 1886 1931 1921 digito
1957 1893 2002 1912 eos
2029 1885 2075 1912 des

1262 1926 1410 1950 monstrat:
1429 1921 1508 1950 sicuti
1527 1931 1611 1956 quum
1628 1921 1751 1957 dicimus,
1770 1921 1824 1949 Hic
1843 1927 1870 1948 et
1888 1921 1947 1948 iste.
1983 1921 2076 1956 Atque

1262 1957 1314 1986 hcc
1341 1958 1414 1986 valet
1441 1957 1474 1986 ad
1500 1957 1692 1986 certitudinem
1719 1957 1890 1992 prophetiae,
1919 1965 2003 1992 qnam
2031 1965 2076 1985 res

1262 1994 1328 2021 adeo
1353 1996 1473 2021 remotas
1497 1997 1625 2028 tanquam
1645 1998 1803 2028 praesentes
1820 1991 1947 2021 ostendit.
1980 1991 2075 2027 Quum

1262 2029 1338 2057 dicit:
1367 2029 1480 2064 Agitste
1507 2037 1630 2064 manum,
1658 2033 1686 2056 ct
1713 2028 1914 2064 ingredientur,
1943 2027 2076 2063 iutelligit

1261 2065 1343 2092 simul
1371 2073 1402 2092 ae
1424 2065 1476 2092 Dei
1504 2065 1633 2092 mandato
1659 2073 1720 2092 sese
1747 2065 1892 2100 accingent
1919 2063 2020 2092 Persae
2047 2070 2075 2091 et

1262 2101 1346 2134 Medi,
1374 2101 1483 2134 planam
1507 2105 1534 2128 et
1553 2100 1657 2128 facilem
1677 2100 1730 2128 illis
1750 2101 1820 2127 viam
1840 2101 1896 2127 fors
1915 2108 1964 2134 per
1982 2099 2075 2127 omnia

1261 2135 1409 2164 obstacula.
1457 2136 1618 2171 Quanquam
1647 2141 1738 2164 antem
1766 2135 1885 2164 Hebraei
1910 2140 1999 2164 0¹:⁸52
2023 2134 2075 2163 hoc

1262 2177 1314 2204 est.
1343 2172 1470 2200 liberales
1491 2176 1520 2200 et
1542 2173 1683 2200 munificos
1708 2177 1806 2200 vocant
1828 2171 1977 2206 prinsipes.
2000 2170 2075 2199 unde

1262 2209 1344 2235 etiam
1371 2206 1438 2235 illud
1463 2207 1567 2235 Christi
1590 2208 1692 2236 dictum
1716 2207 1789 2243 apud
1812 2207 1919 2234 Lucam
1941 2206 1996 2242 (22.
2018 2206 2074 2243 2⁶).

1262 2243 1398 2280 ἐυεργίται
1416 2243 1573 2271 καλοῦ-παις
1593 2243 1702 2271 videtur
1720 2247 1810 2270 nmen
1830 2243 1964 2285 propheta
1979 2247 2074 2271 notare

1262 2280 1399 2314 potentiae
1427 2279 1598 2314 splendorem
1625 2288 1678 2314 qua
1702 2279 1850 2314 Babylonii
1875 2277 2072 2320 gloriabantur.

1262 2316 1349 2343 Erant
1377 2315 1451 2342 enim
1479 2323 1544 2350 prae
1571 2314 1634 2342 aliis
1660 2314 1786 2342 instructi
1813 2314 1898 2349 copiis
1925 2318 1952 2342 et
1977 2313 2073 2342 bellios

1262 2354 1407 2386 apparatu,
1431 2355 1464 2378 ut
1487 2349 1616 2378 credibile
1639 2359 1693 2379 non
1717 2354 1790 2378 esset
1811 2359 1857 2378 eos
1881 2358 2002 2386 unquam
2027 2358 2074 2378 ex-

1777 1636 1824 1664 nis.
1841 1644 1940 1664 arcano
1959 1635 2019 1663 eins
2037 1635 2079 1663 in-

1801 1671 1906 1699 cladam
1925 1671 2078 1707 Babylonis
