2497 2816
496 299 548 326 6⁷1

495 377 539 409 sit,
562 377 608 412 qui
632 376 792 405 simulantes
811 377 901 403 Deum
924 385 954 404 se
977 377 1096 404 revereri
1118 376 1305 411 propheticam

495 412 645 440 doctrinam
658 417 800 447 respuunt.
827 412 898 439 Nam
913 413 936 439 si
950 412 1008 440 Deo
1020 412 1206 446 obtemperare
1218 413 1305 447 parati

496 453 602 479 essent.
635 457 690 475 non
722 449 815 476 minus
845 448 998 483 loquentem
1026 449 1054 475 in
1081 448 1139 475 suis
1165 447 1306 483 prophetis

496 483 626 516 audirent,
655 492 736 518 quam
762 484 786 511 si
813 488 920 511 tonaret
944 492 960 511 e
983 484 1065 511 coelo.
1102 484 1203 510 Fateor
1228 492 1306 510 veros

495 519 643 554 prophetas
662 529 678 546 a
696 519 772 546 falsis
790 519 997 553 distinguendos
1017 528 1083 552 esse,
1103 528 1195 546 vocem
1214 524 1304 553 pasto-

495 555 533 581 ris
551 562 568 581 a
591 564 659 582 voce
684 555 778 581 alieni:
806 554 852 581 sed
878 563 932 581 non
957 559 1022 581 sunt
1046 555 1199 589 promiscue
1223 554 1306 581 simul

494 599 588 617 omnes
606 590 758 624 roiiciendi,
783 590 837 618 nisi
852 590 942 617 Deum
961 599 1067 625 quoque
1085 591 1174 624 ipsum
1194 590 1305 617 reiicere

496 625 620 659 velimus,
633 631 714 660 atque
723 626 851 653 audiendi
864 630 929 653 sunt
938 635 992 653 non
1003 626 1090 653 solum
1101 634 1183 660 quum
1193 626 1304 652 hortan-

495 665 541 688 tur
556 667 603 689 aut
617 662 829 696 reprehendunt,
842 661 890 689 sed
906 662 987 688 etiam
1003 670 1086 695 quum
1101 661 1239 692 damnant.
1252 662 1305 688 ius-

494 700 590 732 tasque
605 705 704 731 poenas
722 697 797 724 iussu
814 697 865 724 Dei
882 697 1027 724 sceleribus
1043 697 1141 724 nostris
1155 697 1303 724 minantur.

493 732 548 759 Ubi
568 733 638 759 verti
660 733 752 759 saltem
772 733 823 759 erit
841 741 907 767 pax,
926 739 952 761 ³:
973 732 1133 766 particulam
1155 732 1303 759 adversati-

493 776 565 801 vam,
584 768 627 795 hic
646 777 712 795 vero
727 768 871 802 exceptiva
887 772 936 795 est.
964 768 1072 795 Novum
1088 768 1161 794 enim
1175 768 1304 802 quiddam

495 804 604 831 subiicit
623 804 769 836 Ezechiae,
797 813 895 838 nempe
920 804 1022 839 gratias
1047 812 1130 838 agens
1150 804 1209 830 Deo
1233 803 1304 837 quod

495 847 610 873 poenam
638 840 760 874 mitiget,
788 848 868 873 quam
897 839 1060 873 promeritus
1083 845 1149 866 erat.
1186 839 1305 866 Perinde

495 883 527 902 ac
555 875 577 901 si
606 875 720 907 diceret,
754 875 887 902 Dominus
918 879 1025 910 poterat
1052 876 1143 902 statim
1171 875 1306 902 concitare

495 910 596 943 hostes,
624 911 670 945 qui
694 919 738 937 me
762 920 797 937 ex
822 919 906 944 regno
935 919 995 937 meo
1023 911 1205 945 expellerent:
1234 919 1305 937 nunc

495 946 564 972 mihi
583 946 678 980 parcit,
698 950 833 980 temperat
847 946 997 973 differendo
1012 955 1112 980 poenas
1127 955 1193 980 quas
1208 946 1305 972 merito

495 981 554 1015 ipsc
580 981 691 1008 luerem.
732 981 896 1015 Quanquam
924 983 1062 1015 precative
1090 982 1189 1015 exponi
1216 986 1306 1015 potest

495 1016 563 1044 haec
581 1017 729 1048 sententia,
755 1022 786 1043 ut
804 1017 896 1050 cupiat
914 1017 1045 1044 Ezechias
1067 1026 1181 1052 poenam
1201 1017 1305 1044 differri

495 1053 525 1079 iu
551 1052 633 1079 aliam
661 1061 746 1087 usque
774 1056 900 1079 aetatem.
946 1053 1118 1080 Probabilius
1145 1057 1237 1079 tamen
1264 1057 1306 1079 est

495 1088 566 1122 qued
585 1088 691 1115 dixerat
710 1088 842 1122 propheta
857 1088 890 1115 de
906 1089 1030 1115 venturis
1049 1088 1142 1116 diebus
1161 1096 1306 1115 accommo-

495 1123 560 1150 dare
579 1123 614 1150 ad
632 1123 759 1151 solatium
779 1123 887 1157 doloris,
913 1128 944 1151 ut
962 1133 991 1151 se
1008 1124 1042 1151 ad
1061 1124 1221 1159 patientiam
1247 1124 1306 1150 ani-

496 1161 568 1186 met:
596 1159 661 1193 quia
687 1159 779 1186 subita
802 1159 923 1186 vindicta
950 1160 1037 1194 magis
1064 1160 1161 1187 fuisset
1188 1168 1305 1193 expave-

495 1194 590 1222 factus.
629 1195 714 1222 Recte
733 1203 798 1229 ergo
817 1195 944 1222 convenit
962 1196 1083 1229 exceptio
1102 1196 1177 1229 haec,
1198 1200 1230 1222 ut
1248 1197 1305 1222 ani-

495 1239 570 1257 mum
589 1230 625 1257 ad
644 1230 878 1257 mansuetudinem
897 1233 1055 1265 componat:
1085 1231 1188 1258 Saltem
1214 1236 1307 1265 parcet
1326 1236 1330 1277 J

496 1266 572 1293 Deus
597 1266 705 1293 saeculo
724 1272 824 1293 nostro.
862 1266 894 1293 Si
911 1267 956 1293 cui
974 1270 1064 1294 tamen
1090 1267 1177 1301 magis
1202 1267 1307 1301 placeat

496 1309 555 1328 ease
580 1310 676 1328 causae
701 1301 888 1334 redditionem,
913 1302 1019 1329 fruatur
1037 1311 1086 1329 suo
1103 1311 1194 1330 sensu.
1234 1302 1306 1329 Veri-

495 1337 557 1363 tatis
584 1345 683 1364 nomen
708 1337 831 1364 nonnulli
856 1346 906 1371 pro
930 1337 1004 1364 cultu
1022 1337 1075 1365 Dei
1102 1342 1130 1365 et
1150 1347 1219 1372 pura
1243 1338 1306 1365 reli·

495 1372 577 1406 gione
605 1373 755 1407 accipiunt,
786 1381 817 1400 ac
845 1373 869 1400 si
896 1373 999 1408 gratias
1027 1377 1121 1408 ageret
1148 1374 1207 1400 Deo
1235 1373 1306 1407 quod

495 1407 605 1442 pietatis
629 1407 781 1435 doctrinam
805 1408 923 1435 moriens
942 1409 1108 1443 relinqueret
1126 1410 1305 1443 superstitem.

495 1443 556 1477 Ego
572 1452 636 1471 vero
651 1452 700 1478 pro
716 1444 865 1471 stabilitate
880 1444 990 1478 accipie,
1006 1445 1050 1472 vel
1065 1445 1211 1479 tranquillo
1228 1445 1306 1479 regni

496 1483 581 1510 statu,
606 1480 659 1506 nisi
677 1488 726 1513 per
744 1480 911 1514 hypallagen
934 1480 1057 1514 accipere
1075 1481 1154 1507 malie
1173 1481 1306 1514 prosperi-

496 1518 579 1541 tatem
609 1514 767 1542 diuturnam
795 1518 823 1542 et
850 1520 952 1542 certam
980 1515 1046 1543 fore.
1092 1516 1188 1543 Posset
1216 1520 1307 1542 autem

495 1549 612 1577 crudelis
636 1550 722 1577 videri
741 1551 885 1586 Ezechias,
914 1551 984 1585 quod
1011 1552 1115 1579 nullam
1142 1551 1307 1586 posteritatis

496 1593 590 1613 cutam
614 1586 724 1620 habeat,
751 1595 801 1614 nec
819 1595 985 1622 magnopere
1009 1587 1114 1615 laboret
1131 1586 1195 1621 quid
1214 1592 1307 1621 postea

1227 298 1269 325 IN
1287 297 1426 326 ISAIAM

2105 299 2159 326 6⁷2

1349 382 1513 403 eventurum
1527 376 1571 403 sit.
1599 375 1671 403 Nam
1688 375 1787 410 impiae
1803 379 1868 403 sunt
1884 379 1913 403 et
1926 375 2076 404 horrendae
2093 376 2157 404 illae

1350 420 1442 446 voces,
1466 411 1531 447 ἐμοῦ
1553 411 1685 443 θανόντος
1706 414 1770 447 γαΐα
1795 410 1920 447 μιχθήτω
1942 411 2012 447 πυρί.
2022 412 2042 448 ¹)
2077 412 2157 445 Item,

1350 448 1421 474 Mihi
1448 453 1557 474 mortuo
1585 456 1678 474 omnes
1708 449 1806 474 mortui
1834 453 1916 474 sunt:
1949 453 2031 482 atque
2057 448 2158 476 similes

1350 492 1417 517 quas
1441 483 1519 510 hodie
1545 483 1618 516 porci
1636 487 1664 509 et
1681 483 1810 517 Epicurei
1833 481 1963 517 permulti
1985 484 2014 510 in
2038 491 2086 511 ore
2109 483 2158 510 ha-

1350 519 1422 546 bent.
1452 518 1508 546 Sed
1527 518 1607 553 longe
1626 517 1680 545 alia
1697 518 1749 545 fuit
1766 527 1844 546 mens
1862 519 2004 553 Ezechiae,
2022 519 2071 554 qui
2089 523 2158 546 tam-

1350 555 1401 582 etsi
1424 554 1521 581 futuris
1544 554 1659 581 saeculis
1684 554 1752 581 bene
1776 554 1931 581 consultum
1957 563 2016 582 esse
2039 555 2158 589 optabat,

1350 599 1404 616 non
1424 595 1515 617 tamen
1535 589 1635 621 debuit¹
1656 590 1727 624 quod
1747 589 1822 617 Deus
1840 590 1991 617 vindictam
2011 599 2089 617 suam
2108 590 2159 617 dir-

1350 626 1441 652 fercns
1459 625 1619 652 clementiae
1638 625 1746 660 signum
1765 625 1854 660 dabat,
1877 634 1926 659 pro
1944 625 2030 653 nihilo
2048 625 2159 653 ducere:

1350 662 1414 695 quia
1445 661 1509 688 inde
1541 669 1650 694 sperare
1682 661 1770 695 potuit
1803 660 1912 688 tandem
1945 661 2158 689 misericordiam

1350 705 1477 724 sensuros
1500 696 1591 730 aliqua
1608 705 1644 723 ex
1662 701 1739 731 parte
1762 700 1890 731 posteros.
1927 696 2007 730 Quod
2032 697 2157 724 nonnulli

1350 732 1513 766 respondent
1542 732 1670 759 dilatione
1695 732 1825 759 laetatum
1851 733 1941 764 fuisso,
1968 733 2033 766 quia
2057 741 2106 759 nos
2124 732 2157 759 de

1350 769 1466 795 crastino
1491 768 1622 795 sollicitos
1640 775 1699 794 esse
1718 777 1772 794 non
1791 772 1926 803 oporteat,
1953 769 2076 795 sufficere
2105 768 2157 795 diei

1350 804 1482 830 malitiam
1501 812 1588 836 suam,
1606 803 1670 830 huic
1687 803 1745 830 loco
1765 812 1818 830 non
1836 804 1972 831 convenit.
2009 804 2066 831 Nec
2083 804 2157 830 enim

1350 839 1466 874 negligit
1489 845 1611 873 posteros
1630 839 1770 873 Ezechias,
1795 839 1841 866 sed
1861 839 1925 873 quia
1944 839 2018 866 videt
2042 848 2157 874 poenam

1350 876 1402 902 Dei
1430 875 1574 902 clementia
1601 875 1764 908 temperari,
1797 876 1900 910 gratias
1925 876 1950 902 ei
1978 876 2047 910 agit,
2075 875 2156 902 sicuti

1349 911 1402 937 iam
1422 911 1524 937 dictum
1542 916 1590 937 est.
1628 910 1762 944 Quamvis
1786 911 1858 937 enim
1881 910 1947 938 haec
1970 919 2058 945 poena
2082 910 2157 937 aliud

1349 946 1485 973 saeculum
1505 951 1636 979 maneret,
1661 951 1753 973 tamen
1778 951 1946 980 praesentem
1966 946 2080 981 gratiam
2099 955 2157 972 am-

1350 981 1429 1015 plecti
1449 981 1549 1008 debuit.
1587 982 1624 1008 Et
1641 986 1715 1008 oei-te
1738 986 1830 1008 nostro
1854 982 2026 1016 potissimum
2050 981 2157 1009 saeculo

1349 1018 1451 1044 servire
1474 1017 1612 1049 debemus,
1637 1017 1748 1051 eiusque
1773 1019 1916 1052 praecipue
1940 1018 2008 1044 ratio
2033 1017 2158 1044 habenda

1349 1057 1398 1079 eet.
1442 1052 1580 1079 Futurum
1609 1061 1664 1079 non
1692 1058 1733 1079 est
1764 1053 1975 1088 negligendum:
2009 1053 2056 1080 sed
2086 1053 2157 1087 quod

1350 1096 1479 1122 praesens
1497 1092 1548 1120 eet,
1573 1093 1654 1123 atque
1672 1089 1764 1120 instat,
1789 1089 1876 1123 magis
1894 1089 2013 1115 officium
2035 1092 2156 1115 nostrum

1351 1124 1472 1158 requirit.
1503 1124 1560 1151 Nos
1579 1125 1652 1151 enim
1671 1124 1717 1158 qui
1736 1124 1816 1151 simul
1837 1124 1964 1156 vivimus,
1983 1125 2083 1151 maiore
2098 1124 2157 1151 vin·
2173 1132 2176 1134 ·

1350 1160 1411 1187 culo
1430 1159 1576 1186 adstrinxit
1590 1160 1674 1191 Deus,
1694 1166 1723 1186 ut
1738 1164 1833 1186 mutua
1851 1160 2094 1186 communicatione
2111 1159 2158 1186 alii

1350 1196 1425 1225 alios.
1452 1196 1631 1229 quantumin
1651 1194 1728 1222 nobis
1747 1196 1806 1227 erit,
1831 1196 1962 1222 iuvemus.
1999 1195 2050 1221 Est
2075 1195 2157 1222 ctiam

1350 1230 1630 1262 animadvertendum,
1658 1231 1728 1265 quod
1756 1231 1831 1265 prius
1849 1231 1981 1258 Ezechiae
2007 1230 2157 1265 longiorem

1350 1267 1435 1293 vitam
1459 1267 1620 1301 promiserat
1644 1266 1785 1298 Dominus,
1813 1275 1897 1301 quum
1924 1266 2064 1300 proximus
2087 1270 2158 1293 esset

1350 1302 1439 1334 morti,
1465 1311 1538 1329 nunc
1557 1302 1615 1328 iure
1633 1302 1810 1329 metuendum
1834 1302 1923 1335 fuisse,
1947 1311 1982 1329 ne
2000 1302 2099 1329 iterum
2124 1301 2158 1328 ob

1350 1342 1490 1372 peccatum
1515 1337 1588 1364 istud
1608 1337 1693 1364 vitam
1712 1337 1737 1364 ei
1756 1338 1935 1371 abrumperet.
1972 1337 2064 1371 Quum
2082 1337 2157 1364 audit

1350 1377 1438 1400 ratam
1457 1381 1516 1400 esse
1535 1373 1749 1407 promissionem,
1767 1373 1870 1408 gratias
1888 1373 1946 1408 agit
1964 1372 2037 1400 Deo:
2056 1377 2083 1400 et
2101 1381 2158 1399 mo-

1350 1409 1469 1436 deratius
1487 1409 1540 1435 fert
1559 1413 1703 1436 venturum
1722 1408 1913 1443 calamitatem,
1939 1409 2046 1436 tametsi
2065 1408 2157 1444 gravis

1350 1450 1377 1471 et
1395 1445 1491 1472 acerba
1510 1444 1562 1478 ipsi
1580 1449 1659 1471 esset.

1423 1509 1441 1537 ¹)
1455 1508 1502 1530 Iam
1518 1508 1571 1529 alibi
1587 1508 1623 1530 hic
1639 1514 1717 1529 vcraus
1731 1508 1811 1530 incerti
1826 1508 1912 1530 autoris
1926 1515 1940 1530 a
1949 1508 2034 1530 Nostro
2049 1508 2158 1534 allegatus

1351 1540 1396 1562 cst.
1420 1537 1466 1558 scil.
1486 1536 1515 1558 ad
1530 1537 1607 1558 Senec-
1623 1535 1692 1558 Clem.
1707 1543 1726 1558 e.
1741 1536 1763 1558 11
1783 1537 1817 1558 ed.
1832 1539 1923 1559 nostrae
1943 1538 1968 1559 T.
1983 1536 2011 1559 V.
2031 1543 2052 1563 p.
2068 1536 2111 1558 150
2129 1536 2157 1558 cf.

1351 1565 1441 1587 Sueten.
1462 1565 1523 1587 Nero
1539 1564 1579 1592 38;
1601 1564 1689 1586 Erasini
1704 1565 1775 1593 Δάας.
1790 1565 1846 1588 Chil.
1861 1565 1881 1587 1.
1897 1569 1955 1588 cent.
1970 1565 1991 1593 3,
2006 1564 2041 1587 80.
2070 1565 2159 1592 Nauck,

1351 1593 1430 1622 fragm.
1445 1596 1503 1622 trag.
1518 1601 1551 1622 gr.
1566 1601 1588 1622 p.
1604 1593 1647 1615 718
1662 1593 1690 1615 N.
1704 1593 1753 1616 4³0.

1027 2371 1096 2400 Typis
1111 2371 1234 2399 Eugenii
1251 2370 1460 2400 Appclhansii,
1478 2371 1632 2400 Brunsvigiee.
