2497 2816
467 295 521 323 467

469 374 585 407 futinus.
609 382 691 409 quam
709 373 830 402 titularis
855 374 937 401 offleii
959 378 1103 408 praetextu
1121 373 1156 401 ab
1173 373 1283 401 errandi

469 409 590 445 pefioulo
617 409 744 442 eximere.
772 410 819 444 qui
846 409 906 436 Deo
933 409 1096 444 posthabito.
1124 418 1176 439 nee
1202 410 1282 436 modo

468 445 574 475 abiecta
610 445 699 474 'etatis
711 453 786 478 eura,
804 445 852 473 sed
865 445 946 472 etiam
960 445 1064 473 calcato
1076 445 1186 480 pudore,
1203 453 1281 472 auam

468 454 644 516 tyrannid'dm
663 480 783 516 quolibet
799 480 881 508 modo
900 480 1056 509 defendunt.

540 517 566 545 8.
593 517 739 552 (Quoniam
757 525 845 558 oannes
866 525 975 544 mensae.
1021 553 1028 558 ἱ
1069 553 1075 558 .
1261 552 1267 558 ⁶

467 551 943 630 ῗᾶᾏξΐὲἰὲἓῗέὢῖἰῖηῗῧῗὲἒ
959 587 976 614 α
1013 551 1282 630 -zssfss‘qffiffl

468 624 548 652 obliu
579 632 636 652 non
670 623 750 651 modo
776 631 854 651 more
880 623 1015 658 pecudum
1042 631 1102 651 sese
1129 627 1283 658 preumuut.

467 659 518 688 aed
545 659 616 688 nibil
648 659 791 696 refugiunt
821 658 1006 694 turpitudinis.
1050 659 1104 687 Est
1130 663 1204 688 ωηο
1230 659 1283 687 boo

467 695 578 724 foedum
602 700 630 723 et
655 695 815 723 detestabile
838 703 852 722 s
902 695 1032 728 taculum,
1056 704 1166 723 mensas
1189 695 1282 723 videre

467 739 594 767 aspersas
618 731 737 759 vomitu:
763 730 824 758 ideo
869 738 902 758 ae
927 731 1018 766 figura
1043 731 1172 766 exprimit
1195 731 1282 758 Isaiae

467 766 599 795 foetidam
619 775 679 794 esee
703 770 786 794 totam
812 767 907 801 populi
926 767 1018 794 vitem.
1055 767 1113 795 Nee
1136 767 1211 794 enim
1234 767 1283 794 du-

468 802 544 831 bium
564 807 607 830 ast
626 802 691 838 quin
715 802 847 837 propbeta
866 802 984 829 voluerit
1000 811 1056 829 uuo
1074 802 1158 830 verbo
1176 802 1282 838 siguifi-

469 847 541 871 oare,
559 837 630 866 nihil
648 838 750 873 integri
770 841 818 866 aut
835 837 935 866 sineeri
949 837 1022 872 apud
1035 837 1151 866 Iudaeos
1169 843 1282 866 restare.

470 874 503 903 Si
521 874 583 909 qnia
601 874 634 901 ad
653 882 763 901 mensas
777 881 871 900 eorum
889 873 1006 906 aoeedat,
1025 873 1093 901 nibil
1109 881 1189 908 posse
1206 882 1283 908 repe-

468 910 519 938 riri
534 913 644 944 praeter
658 908 764 937 foedam
779 909 954 937 ebrietatem:
972 909 996 936 si
1011 909 1072 944 quis
1089 910 1173 938 vitam
1187 917 1282 937 eorum

469 945 676 981 contempletur,
700 945 806 973 nullam
825 945 883 973 eius
901 948 1006 980 partem
1025 953 1041 972 a
1058 945 1136 973 vitiis
1154 948 1182 972 et
1198 945 1282 973 seele-

468 981 546 1010 rilms
573 989 670 1016 puram
700 985 748 1008 aut
774 988 889 1008 vaouam
917 988 984 1008 esee.
1026 980 1188 1008 Dootrinam
1216 989 1282 1008 vero

467 1017 556 1053 ipsam
574 1017 643 1044 adeo
656 1020 813 1051 corruptam
828 1025 895 1049 esee,
914 1019 946 1043 ut
962 1016 1063 1044 foeteat
1081 1017 1156 1050 quasi
1175 1017 1283 1044 foedata

469 1053 575 1080 vomitu
591 1057 619 1079 et
633 1055 760 1080 stereore.
786 1052 820 1078 ln
836 1051 983 1087 allegoriis,
1002 1055 1034 1078 ut
1045 1051 1155 1087 quidam
1170 1052 1282 1086 saoiunt,

468 1088 531 1116 nolo
549 1087 678 1116 subtilius
695 1087 890 1123 philosophari.

540 1124 566 1152 9.
596 1124 689 1160 (Quem
708 1122 824 1160 docebit.)
860 1123 915 1151 Hie
933 1123 1065 1159 propheta
1091 1132 1141 1159 per
1165 1122 1282 1151 :dmira-

470 1161 572 1189 tionem
598 1159 718 1187 ostendit
741 1159 920 1187 insanabilem
945 1167 1005 1186 ease
1029 1159 1122 1195 populi
1146 1159 1281 1193 morbum,

468 1204 521 1224 neo
547 1199 652 1223 restare
683 1194 831 1230 quidquam
859 1195 919 1222 Deo
949 1195 1020 1230 quod
1050 1196 1172 1230 ipsorum
1199 1204 1282 1223 oaus-

467 1231 580 1265 effioiat,
598 1239 683 1265 quum
695 1231 816 1258 rationes
830 1239 924 1258 omnes
936 1230 1037 1259 frustra
1050 1231 1171 1259 tentarit.
1199 1230 1282 1258 Certe

468 1267 517 1296 ubi
534 1271 657 1295 errantes
674 1267 704 1294 in
723 1266 798 1294 viam
815 1271 932 1299 revocat,
960 1270 990 1294 et
1012 1266 1210 1295 inconsiderate
1232 1275 1280 1294 va·

469 1307 566 1340 gantae
577 1311 634 1330 non
646 1302 744 1330 desinit
756 1301 871 1330 subinde
884 1310 1003 1334 monere.
1021 1301 1073 1330 hoo
1083 1302 1223 1338 singulare
1237 1311 1279 1330 re-

468 1338 589 1367 medium
608 1340 664 1365 est:
688 1337 758 1372 quod
778 1338 801 1365 ei
838 1339 942 1365 rot'eetu
960 1342 1041 1370 earet.
1065 1342 1155 1366 aetum
1179 1342 1222 1366 eet
1246 1338 1280 1365 de

468 1383 563 1403 eorum
581 1373 678 1409 salute,
702 1374 748 1408 qui
771 1373 820 1400 nul
831 1381 875 1400 am
899 1373 996 1400 medici
1020 1382 1098 1408 opem
1123 1374 1278 1401 admittunt.

469 1410 655 1445 conqueritur
686 1419 752 1445 ergo
798 1409 919 1444 ropheta,
950 1409 1058 1438 excludi
1082 1409 1281 1445 quodammodo

469 1447 559 1474 Deum
579 1445 671 1481 populi
690 1419 825 1479 vecordia,
846 1454 883 1472 ne
903 1445 1031 1473 sanandis
1050 1446 1107 1474 eius
1126 1446 1200 1474 vitiis
1217 1455 1280 1480 ope-

468 1491 528 1510 ram
546 1481 700 1516 impendat:
719 1481 833 1515 ideoque
851 1481 955 1508 similes
972 1481 1037 1509 feeit
1053 1481 1170 1510 ludaeos
1189 1482 1280 1516 pueris

469 1517 629 1550 infantibus,
646 1517 691 1545 vel
711 1517 757 1551 qui
771 1516 861 1544 edbuo
873 1515 1007 1544 balbutire
1021 1517 1163 1552 ineipiunt‚
1181 1517 1280 1552 quibus

469 1553 599 1581 docendis
626 1552 729 1580 luditur
756 1560 846 1586 opera.
893 1552 993 1580 Merito
1019 1553 1128 1588 quidem
1156 1553 1282 1580 bortatur

469 1589 569 1618 Petrus
588 1589 624 1624 (1.
639 1589 692 1623 Ep.
713 1589 738 1621 2.
756 1588 786 1624 2)
802 1587 905 1623 fideles,
924 1592 956 1615 ut
970 1589 1047 1622 quasi
1062 1589 1180 1616 infantes
1195 1597 1282 1623 nuper

469 1624 557 1662 geniti
576 1625 609 1651 ad
628 1624 672 1651 lae
689 1632 773 1659 purae
798 1623 936 1651 doetrinae
959 1623 1111 1660 eugendum
1136 1624 1282 1653 madunt:

488 1661 639 1702 uia-nomo
663 1659 777 1688 docilem
800 1669 831 1702 se
856 1660 1003 1702 praebebit,
1027 1661 1080 1688 nisi
1105 1661 1151 1695 qui
1175 1661 1283 1688 exuerit

469 1703 555 1773 ⁸1³3?
556 1704 704 1773 tilipauilium?
708 1695 1087 1772 ggrilllilsmdgrnnnldlassjesstpllieg?
1094 1696 1282 1759 ubisiilmliilbxdg

468 1770 498 1797 in
511 1769 586 1797 vitiis
606 1767 663 1795 suis
678 1767 855 1802 obstupefacti
873 1766 932 1794 mhi
943 1776 960 1794 o
976 1775 1065 1802 magis
1083 1767 1230 1795 attendunt
1248 1767 1282 1794 ad

467 1804 613 1833 coelestem
641 1803 793 1831 doctrinam
821 1811 901 1837 quam
936 1803 960 1830 si
993 1802 1070 1831 nulla
1102 1802 1283 1838 intelligentia

486 1839 584 1868 raediti
603 1843 701 1866 essent.
733 1838 830 1872 Itaque
846 1846 990 1873 perperam
1007 1839 1136 1866 nonnulli
1153 1847 1216 1866 oum
1234 1839 1282 1866 illo

469 1850 544 1903 geu-i
563 1875 621 1902 loeo
644 1874 793 1909 prophetae
816 1875 980 1902 sententiam
1005 1875 1186 1910 coniungunt.
1208 1882 1240 1902 ao
1258 1873 1282 1902 ei

469 1911 559 1939 Deum
588 1910 729 1938 induoeret
756 1914 933 1944 quaerentem
961 1909 1013 1937 eibi
1040 1909 1200 1945 diaoipulos.
1235 1910 1282 1945 qui,

468 1946 591 1982 deposito
611 1946 684 1972 omni
702 1945 775 1972 fastu
794 1945 896 1972 similes
911 1946 968 1972 sint
981 1946 1073 1979 pueris
1087 1953 1175 1980 nuper
1193 1945 1282 1974 abluo-

467 1983 541 2010 tutis⁴
579 1981 651 2015 Quia
716 1981 770 2009 tine
796 1981 931 2009 exolamat
955 1981 1100 2016 propheta,
1128 1982 1230 2009 frustra
1253 1987 1280 2009 et

469 2027 523 2047 non
543 2017 603 2045 sine
620 1989 738 2058 ludiffiq
756 2019 848 2052 spargi
866 2016 1016 2058 doctrinam
1035 2017 1108 2044 inter
1121 2017 1235 2045 stolidos
1253 2022 1280 2044 et

468 2055 567 2086 fatuos,
591 2053 638 2088 qui
656 2061 734 2087 pueri
760 2058 826 2080 sunt
850 2061 905 2080 non
930 2053 1043 2085 malitia,
1066 2052 1115 2081 sed
1136 2061 1228 2087 sensu,
1251 2057 1281 2081 ut

469 2090 589 2124 loquitur
614 2089 716 2116 Paulus
741 2089 776 2123 (l.
796 2088 858 2116 Cor.
887 2089 928 2121 14.
946 2088 1002 2124 20).
1043 2089 1135 2124 Atque
1158 2098 1191 2116 ex
1215 2097 1280 2117 oon·

469 2130 549 2152 textu
566 2124 664 2152 melius
689 2124 816 2158 liquebit:
840 2124 904 2159 quia
927 2125 1118 2160 percipiendae
1141 2124 1280 2152 doctrinae

469 2160 558 2189 idonei
581 2169 636 2188 non
659 2163 744 2193 erant,
770 2169 825 2188 non
843 2169 921 2195 posse
940 2160 1030 2188 Deum
1055 2161 1176 2188 aeousari
1201 2160 1280 2188 nimii

468 2197 576 2260 iffi?
583 2196 691 2266 affl
703 2196 1282 2260 {Bitias''flffiffit’lltssffiffiss'ss

541 2268 584 2294 10.
612 2267 754 2303 (Quoniam
767 2267 955 2303 praeceptam.)
980 2267 1056 2294 Hine
1078 2268 1145 2294 satie
1166 2272 1280 2303 apparet

469 2303 618 2331 Dominum
636 2303 764 2338 eouqueri
782 2303 853 2337 quud
871 2303 975 2331 frustra
996 2303 1116 2330 laborem
1139 2312 1217 2330 auum
1236 2303 1278 2330 iu-

469 2338 604 2366 stituendo
628 2338 691 2366 huie
715 2338 825 2366 indocili
851 2338 950 2374 populo
975 2338 1121 2373 impendat.
1163 2338 1280 2366 Perinde

1015 516 1111 552 Pergit
1133 516 1162 543 in
1187 516 1281 544 eadem

1185 295 1225 324 ΙΝ
1243 295 1383 324 ῙΒΔΙΔΜ

2082 296 2138 324 468

1325 382 1358 402 ao
1377 373 1400 402 si
1417 374 1479 409 quis
1497 375 1615 402 infantes
1630 373 1746 406 doceret,
1764 374 1864 408 quibua
1876 374 1988 410 saepius
2001 374 2138 403 elementa

1325 409 1486 438 iuouloanda
1503 414 1532 437 et
1548 409 1696 445 repetenda
1712 413 1785 443 aaut
1810 409 1936 445 protinus
1953 415 2045 439 nmen
2069 409 2138 438 obli-

1325 445 1482 473 visouutor:
1499 449 1582 481 atque
1600 445 1645 473 ubi
1663 449 1751 473 tetum
1769 445 1842 473 diem
1860 445 1890 473 iu
1904 454 1960 473 uua
1975 445 2058 474 litera
2073 445 2138 475 edo-

1325 480 1412 509 oenda
1428 481 1560 516 magister
1577 481 1792 516 comsumpserit,
1817 481 1917 509 iterum
1934 482 2062 516 sequenti
2085 481 2137 515 die.

1324 525 1357 545 ao
1375 515 1502 551 deiuoeps
1518 516 1682 551 repetendus
1700 517 1754 545 erit
1770 516 1844 544 idem
1862 516 1946 549 labor,
1965 521 1994 546 et
2011 517 2139 553 qumvis

1326 551 1395 580 nihil
1407 551 1557 580 industriae
1570 556 1618 580 eut
1627 551 1783 588 diligentiae
1794 552 1929 587 reliquum
1940 552 2030 586 faoi-t.
2043 555 2138 582 tamen

1326 587 1412 616 nihilo
1435 588 1524 624 magis
1547 588 1724 623 promovebit.
1765 587 1822 622 Qui
1844 588 1984 616 festidium
2008 594 2139 616 caventes

1327 623 1411 651 verba
1428 623 1473 651 bio
1490 628 1605 656 mutant,
1630 624 1724 658 inepta
1742 625 1836 658 eopiae
1854 625 2024 652 affeotatione
2041 625 2139 652 obseu-

1327 665 1390 687 rant
1407 660 1557 694 prophetae
1574 668 1692 692 sensum,
1715 663 1744 688 et
1761 661 1894 688 sermonis
1912 660 1995 688 etiam
2017 661 2139 696 leporem

1327 699 1468 723 evertunt:
1492 704 1576 730 quum
1601 695 1696 723 iisdem
1721 696 1813 723 verbis
1836 700 1925 731 utens,
1949 697 2139 738 repetitionem

1327 732 1432 758 variam
1447 735 1475 758 et
1488 731 1632 765 assiduam,
1646 731 1781 766 taediique
1796 732 1905 767 plenam
1919 731 2076 773 significare
2092 740 2140 760 vc>

1327 767 1417 794 luerit.
1439 767 1491 794 Est
1502 767 1582 799 enim.
1598 772 1629 794 ut
1644 767 1698 794 iam
1715 767 1818 795 dietum
1830 771 1880 800 est,
1893 767 2044 796 similitudo
2057 767 2140 796 dueta

1327 811 1343 830 a
1357 802 1457 838 pueris.
1468 802 1567 837 quibua
1580 803 1668 830 multa
1681 802 1806 838 ingerere
1820 803 1945 838 magistri
1955 812 2012 832 nou
2026 803 2140 834 audent.

1325 838 1395 873 quod
1414 838 1525 866 minime
1543 838 1600 865 sint
1617 847 1740 873 capaces:
1759 838 1806 866 sed
1824 847 1924 874 paneae
1940 838 2025 867 veluti
2043 842 2140 875 guttu-

1326 874 1368 902 las
1385 873 1527 901 instillant.
1563 873 1608 901 Its
1625 874 1744 902 seeundo
1762 882 1795 902 ae
1811 875 1900 908 tertio,
1924 882 1940 902 a
1970 883 2005 902 ue
2029 875 2142 910 saepiae

1325 909 1398 937 idem
1417 915 1552 943 repetunt,
1571 909 1718 944 eademque
1735 912 1880 945 praecepta
1898 910 1961 938 ineu
1973 914 2045 939 aaut.
2082 911 2142 938 De·

1326 945 1411 980 nique
1427 953 1534 980 semper
1552 945 1718 973 elementarii
1743 951 1809 973 eunt
1833 946 1965 982 discipuli,
1990 946 2078 974 donee
2095 955 2142 974 ra-

1327 981 1401 1008 tione
1420 986 1447 1008 et
1465 981 1564 1008 iudicio
1582 981 1698 1016 praediti
1710 981 1774 1008 siut.
1801 981 1840 1008 Et
1851 981 1937 1009 fnoeto
1949 991 1999 1017 per
2010 982 2142 1010 mimeein

1327 1016 1410 1044 verba
1437 1017 1505 1044 haee
1532 1017 1642 1044 recitat:
1669 1017 1817 1044 Paululum
1845 1017 1897 1048 hio.
1922 1017 2065 1059 paululum
2091 1018 2142 1047 ibi.

1327 1052 1432 1080 Nomen
1447 1058 1472 1090 *tp
1490 1052 1568 1085 male,
1583 1060 1646 1079 meo
1660 1052 1767 1085 iudidio,
1784 1052 1909 1080 nonnulli
1923 1057 2142 1088 interpretantur

1326 1087 1435 1123 lineam,
1460 1088 1536 1123 quasi
1555 1087 1588 1114 ad
1614 1087 1721 1115 tardam
1747 1088 1970 1119 aedificationem.
1994 1097 2065 1124 quae
2087 1097 2141 1124 per

1327 1123 1412 1152 lineas
1430 1124 1560 1158 paulatim
1580 1124 1707 1159 assurgit,
1729 1118 1862 1151 alluderet
1881 1132 1931 1159 pro
1950 1124 2023 1152 heta.
2058 1125 2140 1153 nm·-

1327 1159 1398 1187 euim
1417 1164 1446 1186 et
1463 1159 1558 1194 procul
1577 1163 1681 1187 remota
1698 1164 1770 1187 esset
1789 1159 1856 1187 haee
1874 1161 1936 1187 simi
1949 1161 2030 1194 itudo.
2049 1169 2139 1196 quum

1325 1195 1359 1222 de
1377 1195 1528 1230 puerilibus
1541 1194 1702 1227 rudimentis
1717 1195 1762 1223 hie
1777 1200 1883 1230 agatur.
1910 1195 2014 1224 Fateor
2028 1197 2139 1230 quidem

1324 1230 1363 1258 ita
1382 1230 1465 1258 fuisse
1483 1231 1600 1266 positum
1615 1239 1698 1266 supra
1716 1239 1738 1259 e.
1756 1231 1790 1258 18
1804 1231 1850 1259 ubi
1866 1232 1998 1260 vertimus
2013 1231 2139 1267 Monuni,

1325 1270 1353 1294 et
1367 1266 1427 1294 aliis
1441 1266 1564 1300 pluribus
1582 1266 1659 1294 loeis:
1678 1267 1725 1294 sed
1743 1267 1947 1295 eiroumstantia
1962 1276 2035 1295 nuno
2049 1269 2139 1296 diver-

1323 1311 1383 1330 sum
1403 1310 1512 1330 sensum
1530 1302 1623 1337 exigit.
1642 1330 1644 1333 ,
1660 1302 1750 1330 Sicuti
1769 1303 1850 1330 etiam
1869 1303 1979 1330 Psalmo
1998 1304 2034 1330 19
2053 1304 2090 1340 (v.
2109 1303 2126 1332 8

1323 1338 1377 1365 uisi
1397 1338 1467 1372 quud
1485 1338 1542 1366 illio
1564 1338 1730 1365 tolerabilius
1755 1342 1827 1366 esset
1851 1347 1952 1366 nomeu
1976 1339 2075 1373 lineae,
2093 1348 2111 1367 v

1325 1374 1510 1401 dimensionis.
1540 1373 1703 1409 Quanquam
1720 1382 1775 1400 non
1795 1382 1865 1410 nego
1883 1374 2070 1410 metaphorIee
2086 1384 2138 1412 pro

1323 1410 1503 1438 instructione
1522 1410 1564 1438 vel
1583 1410 1680 1445 regula
1698 1409 1792 1445 aoeipi.
1829 1410 1900 1438 Nam
1923 1411 1987 1445 quia
2011 1412 2041 1439 in
2066 1412 2137 1440 aodi-

1324 1446 1392 1474 fioiis
1417 1452 1442 1483 ῚΡ
1462 1450 1575 1473 venatur
1601 1445 1825 1480 perpendiculum
1853 1447 1896 1473 vel
1924 1455 2028 1482 norma,
2056 1449 2139 1476 sieuti

1325 1481 1405 1516 paulo
1419 1485 1482 1515 post
1498 1480 1590 1509 eodem
1607 1482 1693 1516 eapite
1710 1481 1871 1513 videbimus.
1890 1482 1951 1510 ideo
1965 1491 2020 1510 non
2034 1483 2137 1510 mirum

1324 1521 1367 1545 eet
1385 1517 1418 1544 ad
1437 1517 1505 1544 alias
1523 1517 1724 1552 praeceptiones
1743 1518 1890 1545 transferri.

1397 1553 1438 1580 11.
1465 1552 1608 1589 (Quoniam
1624 1552 1708 1580 balbis
1732 1553 1830 1586 lobiis.)
1865 1553 1945 1587 Quod
1969 1554 2139 1582 subaudiunt

1325 1589 1434 1623 quidam
1453 1589 1567 1623 perinde
1581 1597 1638 1616 esse
1654 1597 1686 1615 ao
1699 1589 1723 1615 si
1737 1589 1873 1624 quispiam
1893 1589 2027 1624 loquatur,
2045 1599 2140 1625 super-

1324 1625 1409 1651 fluum
1428 1629 1478 1651 est.
1516 1624 1577 1660 Ego
1595 1625 1688 1659 itaque
1707 1624 1741 1651 ad
1757 1624 1848 1652 Deum
1864 1625 1957 1657 refero.
1976 1634 2056 1661 quem
2073 1635 2140 1662 pro-

1324 1661 1408 1723 ffeta
1427 1660 1492 1687 dioit
1510 1661 1627 1694 insipido
1648 1661 1749 1695 populo
1773 1661 1917 1688 barbarum
1942 1671 2000 1689 esse
2024 1661 2140 1691 faetum-

1356 1704 1402 1724 aeo
1428 1701 1518 1723 autem
1543 1695 1697 1731 obiurgatio
1715 1696 1807 1723 debuit
1825 1705 1870 1724 eos
1889 1697 1987 1724 aeriter
2004 1706 2139 1733 pungere,

1326 1731 1398 1766 quod
1413 1741 1463 1760 eue
1477 1731 1557 1766 eulpa
1570 1731 1668 1763 Deum.
1685 1731 1731 1766 qui
1748 1731 1855 1767 linguae
1869 1732 1990 1760 omnium
2000 1733 2139 1766 formavit,

1327 1767 1403 1802 quasi
1430 1767 1542 1794 balbum
1564 1766 1717 1794 redderent.
1754 1767 1881 1795 Nondum
1907 1769 1979 1796 enim
2003 1769 2058 1796 iuis
2082 1769 2139 1796 mi-

1327 1807 1423 1835 natur.
1455 1802 1503 1830 sed
1531 1802 1669 1831 socordiae
1697 1811 1790 1831 eorum
1822 1803 1952 1839 imputat,
2005 1804 2057 1832 uod
2084 1805 2140 1833 sibi

1324 1838 1494 1866 reddiderint
1520 1839 1662 1866 confusum
1690 1839 1810 1866 sonitum
1839 1840 1962 1868 eoelestis
2006 1841 2139 1873 eutr-inae,

1325 1875 1388 1909 quia
1402 1879 1498 1909 sponte
1513 1874 1694 1907 oaeoutiendo,
1713 1874 1784 1902 nihil
1798 1875 1862 1902 iude
1876 1876 2026 1910 profieient.
2054 1875 2140 1910 Quod

1325 1918 1390 1945 ergo
1423 1919 1453 1938 ae
1483 1910 1668 1945 infamarunt,
1703 1914 1732 1938 ut
1756 1919 1810 1937 non
1839 1910 1950 1938 audiant
1979 1911 2139 1947 loquentem

1325 1946 1424 1981 Deum,
1443 1950 1567 1981 portento
1585 1950 1725 1981 eomparat
1743 1955 1792 1981 pro
1814 1946 1885 1974 heta.

1373 2017 1379 2022 .
1397 1982 1438 2008 12.
1465 1981 1607 2017 (Quoniam
1637 1981 1692 2009 illis
1723 1956 1812 2018 dizit-¹3
1857 1981 1939 2016 Quod
1972 1982 2019 2011 atii
2050 1982 2137 2012 eti-m

1323 2017 1518 2052 penphrastice
1542 2022 1696 2052 exponunt:
1726 2017 1756 2045 Si
1782 2019 1844 2052 quis
1867 2018 1922 2046 illis
1945 2017 2029 2052 diunt,
2055 2019 2139 2047 Haeo

1323 2057 1365 2081 eet
1389 2053 1503 2088 requies,
1529 2052 1625 2080 uolunt
1650 2052 1751 2086 audire,
1775 2053 1905 2089 frigidum
1930 2056 1982 2090 est,
2005 2062 2056 2082 neo
2076 2063 2139 2082 ser-

1322 2097 1430 2116 monem
1449 2089 1572 2116 contexit
1590 2093 1620 2116 ut
1635 2089 1752 2117 decebat.
1780 2089 1877 2117 Potius
1889 2098 1999 2117 oausam
2011 2091 2139 2126 assignat

1322 2123 1453 2160 propheta
1480 2133 1528 2152 our
1557 2123 1632 2152 Deus
1657 2124 1767 2152 Iudaeis
1795 2126 1830 2152 sit
1856 2126 1999 2153 barbarus:
2026 2134 2137 2162 nempe,

1323 2161 1393 2195 quod
1412 2161 1452 2188 eis
1467 2161 1592 2188 deessent
1604 2169 1692 2188 aures.
1720 2160 1819 2189 Surdis
1832 2163 1905 2188 enim
1920 2162 2003 2190 verba
2015 2162 2135 2190 fiebant:

1322 2197 1423 2224 frustra
1450 2196 1586 2224 Dominus
1618 2197 1658 2224 eis
1688 2197 1810 2230 requiem
1844 2197 2010 2224 ostendebat.
2055 2197 2136 2226 Haeo

1322 2237 1412 2259 autam
1430 2231 1549 2259 surditas
1567 2241 1602 2258 ex
1620 2233 1790 2260 oontumaeia
1809 2233 2040 2268 proficiscebatur:
2088 2233 2136 2262 uia

1322 2267 1472 2294 dootriuam
1484 2268 1663 2303 pervicaciter
1675 2273 1702 2294 et
1714 2272 1842 2302 proterve
1854 2269 2027 2304 respuebant.
2084 2277 2137 2298 aee

1322 2307 1413 2330 autem
1433 2303 1475 2331 bis
1492 2303 1682 2331 inexcusabilis
1700 2303 1750 2331 suit
1765 2305 1894 2339 pravitas,
1914 2305 2043 2340 requiem,
2061 2313 2136 2339 quae

1322 2338 1485 2367 naturaliter
1512 2339 1633 2366 omnium
1662 2340 1730 2367 votis
1759 2340 1910 2374 expetitur,
1938 2341 1989 2368 sibi
2012 2339 2135 2369 oblatam
