2497 2816
449 297 504 326 uo

523 375 548 405 8.
580 375 749 413 (Destruit.)
794 375 935 411 Propheta
960 378 1151 417 argumentum
1178 385 1259 404 suurn

450 411 580 440 mntexit.
614 411 685 440 Nam
703 411 734 439 in
752 419 858 439 summa
877 411 1014 446 promittet
1035 410 1148 439 solidam
1175 411 1261 439 felici·

450 449 536 476 tatem
553 447 674 475 totunm
693 447 744 475 sub
763 446 870 475 Christi
886 455 980 482 regno.
1015 445 1095 481 Quod
1113 451 1145 474 nt
1161 446 1260 475 melius

451 483 586 518 exprimat
624 482 713 511 utitur
730 482 816 511 variis
838 482 934 518 figuris
958 486 1022 518 apte
1045 482 1080 511 ad
1097 490 1156 510 rem
1174 482 1260 518 ipsam

450 502 664 547 aeeommodatis.
700 518 776 546 Vera
795 519 836 546 est
853 519 906 546 ista
928 518 1051 554 felisius,
1075 525 1132 546 non
1155 521 1260 553 tempo-

449 555 524 582 raria
549 558 597 582 aut
621 554 737 582 esdnea:
765 562 846 589 quam
874 562 925 582 neo
951 562 1026 582 mors
1053 555 1115 588 ipsa
1139 553 1260 582 adimere

449 593 547 626 potest,
571 590 634 626 quia
653 590 681 617 in
699 589 782 618 rebus
805 589 962 617 laetissimis
989 589 1111 618 defectus
1134 589 1179 618 hie
1203 598 1260 616 non

480 661 486 668 ι
565 625 699 668 laetitiam
717 625 826 659 minuit,
843 625 866 668 si
882 625 952 668 desit
969 625 1167 653 immortalitas.
1196 625 1260 653 Duo

449 665 711 739 natusest.
726 661 981 739 finitum
1000 661 1261 739 masmim

449 731 581 797 §3:22
598 732 1260 810 ⁹:32>bzssffltf⁰tt⁵ttaetsstt⁰20fflz3

451 808 506 832 eet:
525 812 588 832 nam
608 803 710 839 alioqui
729 807 848 832 moestae
862 807 891 832 et
905 812 1082 832 aerumnosae
1096 809 1170 832 vitae
1183 813 1258 832 mors

449 839 562 867 videtur
585 839 770 874 praeferenda.
806 839 942 875 Adiungit
963 839 1055 874 etiam,
1082 840 1157 867 omui
1180 840 1259 876 igno-

450 874 538 903 minis
563 875 683 908 sublata,
711 875 856 910 gloriosam
883 875 956 903 hane
982 876 1066 903 vitam
1093 875 1164 903 fore:
1195 877 1260 910 quia

450 911 610 946 prophetiae
637 910 738 946 alioqui
763 911 845 938 fidem
871 910 1029 946 derogasset
1056 911 1141 938 tristis
1167 911 1259 947 populi

450 946 596 982 oppressio.
623 945 679 974 Sed
697 947 793 982 quaeri
811 950 909 982 potest,
927 947 962 973 ad
977 946 1047 982 qnod
1066 953 1174 982 tempus
1191 947 1259 974 rel'e-

449 981 551 1010 rendae
568 982 625 1010 sint
642 982 710 1010 istae
747 982 938 1010 remissiones?
957 982 1028 1010 Nam
1043 983 1072 1010 in
1089 983 1141 1011 hoo
1158 983 1260 1010 mundo

450 1017 663 1046 eonflietandnm
687 1027 724 1046 ne
742 1018 766 1046 is
784 1027 846 1046 eum
865 1018 948 1046 variis
966 1018 1113 1060 aerumnis,
1134 1018 1258 1060 assidue-

450 1052 1260 1130 tt‘zffi‘t‘z‘fttdt‘tottzut”ffli⁰t2”:s¹02⁸tssz¹ss

450 1125 536 1160 eipuis
553 1125 681 1152 eeclesiae
699 1124 836 1152 columnia
854 1125 985 1160 queritur,
1010 1125 1082 1160 quod
1105 1125 1260 1160 speetaeulo

451 1161 506 1188 sint
523 1161 656 1193 omnibus,
683 1161 836 1196 probraque
860 1161 948 1188 omnis
973 1162 1080 1196 generis
1100 1161 1260 1194 sustineant,

449 1196 614 1234 καθάρματα
628 1197 709 1224 etiam
723 1202 749 1224 et
761 1195 931 1233 περιψήματα
946 1196 1138 1224 existimentur
1150 1196 1186 1233 (l.
1196 1197 1260 1225 Cor.

449 1232 476 1269 4,
494 1232 520 1260 9.
540 1232 594 1268 10).
630 1231 683 1260 Ubi
706 1233 792 1268 igitur
810 1237 858 1260 aut
875 1232 982 1267 quando
1006 1232 1073 1260 haee
1096 1233 1185 1260 losum
1210 1233 1259 1260 ha·

449 1269 535 1296 bent?
561 1268 644 1295 Haud
673 1268 751 1295 dubie
776 1268 811 1295 ad
834 1269 995 1296 universnm
1014 1269 1118 1296 Christi
1142 1277 1258 1304 regnum

450 1303 594 1332 referenda
611 1307 684 1331 sunt.
719 1303 883 1331 Universum
903 1304 975 1330 dico:
995 1304 1058 1339 quia
1076 1313 1131 1331 non
1151 1309 1258 1332 tantum

449 1339 559 1367 initium
578 1339 753 1374 spectandum
774 1345 828 1372 est,
856 1339 904 1367 sed
923 1339 1006 1367 etiam
1030 1339 1258 1375 complementum

450 1379 478 1403 et
502 1380 582 1403 meta.
625 1376 716 1410 Atque
742 1375 781 1402 ita
805 1384 890 1410 usque
917 1375 951 1402 ad
980 1375 1127 1403 seeundum
1153 1375 1258 1404 Christi

450 1412 598 1440 adventum
626 1410 738 1439 extendi
766 1411 858 1445 debet,
888 1412 936 1447 qni
963 1416 1105 1447 propterea
1131 1412 1188 1440 dies
1215 1421 1258 1440 re-

451 1448 614 1482 demptionis
633 1452 661 1474 et
678 1447 886 1474 instaurationis
905 1451 1030 1475 voantur:
1055 1449 1181 1482 quoniam
1201 1457 1258 1475 om-

450 1492 496 1510 ma
523 1491 593 1518 qnae
624 1491 698 1510 nune
726 1482 856 1510 videntur
883 1482 996 1510 ooni'usa
1022 1484 1203 1510 restituentur
1229 1484 1257 1510 in
1278 1513 1279 1516 Ἴ

450 1519 596 1554 integrum,
615 1522 643 1560 et
662 1527 761 1546 novem
781 1519 893 1546 formem
911 1519 1033 1546 induent.
1070 1519 1131 1560 Hos
1150 1519 1258 1554 quidem

451 1553 485 1581 ad
503 1554 715 1595 redemptionem
736 1562 840 1596 quoque
858 1563 873 1581 e
888 1554 1030 1596 Babylone
1048 1559 1173 1590 pertinet.
1203 1554 1258 1597 Sed

449 1599 534 1667 attis
553 1589 1259 1667 istm1gissususmaitans

450 1661 1162 1738 222303‘22‘21'353‘22222,itsfftfflzgffissstffiffi
1178 1667 1258 1732 “3223

450 1732 518 1761 hese
535 1732 628 1774 omnia
641 1732 671 1774 in
686 1732 765 1760 nobis
775 1732 910 1774 Dominus
930 1733 1038 1762 tandem
1055 1738 1161 1768 peraeto
1176 1742 1258 1761 eursu

450 1769 579 1804 pei-fieret.
617 1768 650 1796 51
665 1777 739 1796 nuno
757 1777 925 1796 seminamus
948 1778 1010 1797 eum
1030 1769 1165 1802 lacrymis,
1193 1774 1259 1797 tune

450 1804 523 1832 haud
550 1803 631 1831 dubie
655 1812 716 1832 eum
743 1803 840 1839 gaudio
862 1809 888 1832 et
908 1805 1090 1832 exsultatione
1116 1811 1258 1832 metemus.
1278 1808 1279 1840 j

451 1841 492 1867 Ne
523 1848 664 1867 vereamur
697 1840 836 1866 hominum
870 1841 968 1875 probra
996 1845 1043 1868 aut
1072 1841 1258 1874 contumelias,

451 1884 518 1910 quae
546 1883 680 1902 summam
712 1875 856 1910 aliquando
890 1876 1003 1911 gloriam
1036 1876 1114 1904 nobis
1142 1877 1257 1912 parient.

451 1911 541 1946 Atque
566 1911 611 1938 hie
635 1911 688 1938 iam
708 1911 786 1938 initia
813 1911 924 1939 huiusce
951 1911 1086 1940 felicitatis
1111 1916 1138 1939 ot
1156 1911 1259 1947 gloriae

451 1946 623 1981 consequuti,
653 1955 736 1981 quum
765 1946 883 1981 adoptati
910 1956 1005 1974 sumne
1031 1956 1048 1975 a
1074 1947 1146 1980 Dee,
1175 1956 1258 1982 quum

450 1982 596 2017 imaginem
616 1981 719 2010 Christi
738 1991 833 2017 gerere
853 1983 999 2017 coepimus,
1021 1984 1157 2011 constanti
1176 1984 1257 2011 etiam

450 2022 479 2045 et
496 2017 559 2045 forti
583 2019 674 2044 animo
698 2018 836 2045 onmulum
861 2019 920 2046 eius
938 2018 971 2046 ad
991 2022 1145 2046 extremum
1173 2028 1258 2054 usque

451 2054 521 2082 diem
544 2059 739 2088 exspectemus.
775 2053 835 2081 Iam
855 2055 917 2088 quia
942 2057 1001 2088 poet
1026 2059 1065 2082 tot
1090 2056 1258 2082 tristissimas

449 2089 539 2118 eludes
558 2089 702 2116 videbatur
719 2097 763 2116 res
783 2098 893 2124 prorsus
915 2090 1089 2123 incredibilis,
1114 2091 1181 2118 haeo
1202 2099 1258 2118 non

450 2125 484 2152 ab
499 2125 616 2156 homine,
633 2125 678 2152 sed
694 2133 711 2152 a
721 2125 779 2152 Deo
795 2126 914 2159 profesta
928 2134 988 2152 esse
1003 2126 1128 2153 ostendit.
1152 2127 1258 2154 Everea

450 2161 524 2188 enim
543 2160 719 2195 lerosolyma,
741 2160 846 2189 sublato
866 2161 918 2188 Dei
936 2162 1018 2194 cultu,
1040 2163 1130 2190 diruto
1148 2163 1257 2197 templo,

450 2197 571 2231 reliquiis
589 2196 682 2231 populi
701 2195 769 2224 dura
788 2197 930 2232 tyrannide
948 2198 1090 2233 oppressis,
1110 2206 1190 2225 nemo
1206 2197 1257 2225 sibi

469 2233 629 2260 ersuasiseet
648 2233 738 2259 omnia
754 2233 786 2259 de
801 2233 908 2268 integro
925 2242 1038 2268 surgere
1055 2243 1151 2260 rursus
1171 2242 1257 2268 posse.

449 2241 523 2295 {luia
538 2276 603 2303 ergo
618 2267 791 2299 diffidentiae,
808 2268 841 2294 ad
873 2278 933 2295 uam
950 2268 1074 2296 homines
1085 2268 1165 2296 valde
1179 2269 1257 2304 proni

451 2307 529 2336 suut,
553 2303 657 2330 occurri
683 2304 810 2338 oportuit.
878 2308 941 2338 tque
967 2305 1026 2332 ideo
1051 2304 1184 2339 propheta
1207 2304 1258 2332 has

449 2339 642 2373 promissiones
669 2339 826 2372 confirmat,
861 2345 941 2374 atque
971 2340 1115 2375 obsignat:
1151 2339 1257 2368 Seitote

1180 296 1222 326 m
1238 295 1378 326 Issum

2058 295 2116 327 420

1302 375 1454 403 Dominum
1483 375 1552 402 mihi
1583 375 1668 403 fuisse
1701 378 1826 403 autorem
1858 375 1972 403 istarum
2004 382 2112 403 rerum:

1302 419 1386 446 quare
1403 415 1508 439 mentes
1527 411 1557 438 in
1574 419 1645 444 eum,
1662 419 1717 439 non
1736 411 1765 438 in
1784 419 1828 439 me
1846 409 1970 446 defigite:
1994 419 2027 439 eo
2043 410 2113 439 nite-

1302 451 1348 474 tur
1364 445 1432 474 fides
1448 449 1550 480 vestra,
1568 446 1615 481 qui
1633 445 1744 474 mentiri
1763 451 1812 474 sut
1829 445 1923 474 fallere
1940 446 2043 482 nequit.

1373 481 1398 510 9.
1417 481 1467 519 (Ee
1480 481 1600 519 dicetur.)
1626 481 1750 510 Verbum
1764 485 1808 510 eet
1821 481 2004 514 indefinitum.
2018 480 2112 510 Diaet:

1302 517 1367 552 quia
1383 525 1477 546 tamen
1500 527 1556 546 non
1574 518 1655 546 unius
1673 521 1723 546 sut
1738 517 1859 550 alterius.
1886 517 1935 546 sed
1957 519 2114 546 eommunis

1302 553 1423 581 omnium
1450 562 1539 581 sermo
1566 554 1690 586 refertur,
1717 553 1840 581 absolute
1866 556 1975 581 vertere
2000 553 2112 589 plaenit.

1302 588 1416 624 Optima
1438 595 1528 616 autem
1557 589 1625 617 haee
1650 588 1774 617 olansnls
1800 592 1850 620 est.
1878 597 1934 624 qua
1959 589 2114 616 ostenditur

1302 625 1433 653 benefioia
1447 625 1502 652 Dei
1517 633 1572 652 non
1587 625 1700 652 haerere
1717 624 1815 652 alieubi
1834 628 1883 652 ant
1895 633 2029 660 suspensa
2044 633 2115 659 ene,

1302 661 1348 688 sed
1367 670 1398 688 re
1414 661 1475 696 ipss
1498 661 1602 697 pernipi
1618 665 1647 688 et
1664 661 1760 688 sentiri
1783 661 1815 688 ab
1839 661 2002 689 hominibus.
2039 660 2115 689 Oon—

1302 697 1408 724 vivium
1427 705 1500 732 ergo,
1519 697 1552 724 de
1567 705 1622 732 quo
1640 701 1722 724 antea
1738 697 1866 731 loquutus
1882 701 1931 731 est,
1949 696 2040 724 Deum
2056 705 2115 726 non.

1302 732 1405 760 frustra
1428 732 1564 760 fauturum
1587 732 1737 768 significat:
1764 732 1891 767 quoniam
1916 732 1946 759 in
1968 741 2000 761 eo
2016 732 2115 768 epula-

1302 767 1405 796 buntur
1437 767 1572 800 homines.
1607 772 1769 803 aeternoque
1799 767 1898 803 gaudio
1929 767 2116 803 perfruentur.

1301 802 1373 831 Nam
1391 812 1448 831 vox
1470 804 1525 832 ista
1549 803 1755 839 gratulationis,
1783 812 1864 838 quam
1892 803 1950 831 tore
1975 803 2115 838 publium

1302 839 1375 873 dicit,
1398 839 1488 871 realis,
1512 844 1545 867 ut
1560 839 1600 867 ita
1617 839 1713 872 diuam,
1738 839 1842 875 gratiae
1861 839 1913 867 Dei
1930 840 2116 874 experimenti

1301 874 1385 902 index
1403 883 1435 903 ae
1453 876 1530 903 testis
1548 879 1598 903 est.
1635 875 1792 910 Diligenter
1809 879 1899 902 sutem
1924 875 2115 912 observandus

1302 914 1343 938 est
1358 911 1402 938 hie
1417 911 1503 938 loeus:
1522 912 1585 946 quia
1602 911 1723 938 ostendit
1740 910 1873 946 propheta
1889 919 1950 938 eam
1964 910 2021 941 fore
2035 919 2116 939 reve-

1302 947 1440 979 lationem,
1459 955 1529 981 quae
1548 947 1672 974 homines
1689 947 1828 974 eontineat
1845 946 1875 973 in
1894 947 1977 974 verbo
1995 947 2058 978 Dei,
2080 951 2116 974 ut

1302 983 1375 1009 omni
1400 981 1568 1010 dubitatione
1587 982 1667 1009 vseui
1690 982 1720 1008 in
1743 991 1775 1010 eo
1794 982 1994 1017 eonquieseant.
2029 982 2115 1017 Quod

1302 1018 1326 1045 si
1345 1018 1412 1046 liaeo
1428 1018 1568 1053 pertinent
1585 1018 1618 1045 ad
1638 1027 1754 1053 regnum
1774 1017 1885 1049 Christi.
1910 1022 1941 1045 ut
1959 1022 2031 1046 ουτω
2050 1027 2115 1054 per·

1302 1054 1398 1087 tinent,
1427 1055 1543 1081 frustum
1562 1062 1597 1081 ex
1614 1054 1648 1081 iis
1667 1054 1802 1088 insignem
1822 1053 1990 1088 colligimus:
2015 1053 2116 1082 Chris-

1302 1089 1398 1122 tianos.
1427 1088 1536 1123 soilieet‚
1563 1089 1617 1117 nisi
1640 1088 1691 1116 sibi
1715 1090 1782 1123 ipsis
1805 1088 1905 1123 desint,
1933 1094 1960 1117 et
1982 1094 2116 1124 respuent

1301 1125 1418 1160 gratiam
1438 1125 1501 1160 Dei,
1527 1130 1628 1153 eertam
1653 1125 1754 1152 habere
1771 1127 1914 1153 veritatem
1931 1127 1962 1152 in
1979 1133 2035 1160 qna
2053 1129 2115 1154 tuto

1303 1160 1468 1189 reeumbant.
1496 1160 1578 1189 Omni
1597 1161 1668 1189 enim
1688 1160 1829 1189 dubitandi
1848 1161 1988 1189 oeeasione
2005 1160 2117 1190 sublata

1302 1197 1379 1224 Deus
1397 1205 1457 1225 sese
1474 1197 1514 1224 ita
1537 1196 1603 1230 ipsis
1627 1197 1762 1232 patefecit,
1789 1201 1820 1224 ut
1844 1196 1928 1224 libere
1956 1197 2116 1231 praedioare

1303 1231 1421 1260 audeant
1439 1236 1512 1260 oerto
1530 1241 1558 1260 ee
1578 1238 1670 1260 tenere
1688 1241 1822 1267 quaenam
1841 1232 1878 1260 sit
1895 1233 1954 1260 eiua
1974 1232 2115 1260 voluntas:

1303 1271 1330 1295 et
1350 1269 1488 1296 verissime
1508 1269 1597 1295 dicere
1615 1268 1683 1303 quod
1695 1268 1824 1295 Christus
1834 1267 2036 1296 Samaritanae:
2055 1269 2116 1296 Noe

1302 1304 1445 1331 adoramus
1460 1303 1532 1338 quod
1547 1303 1657 1331 seimus.
1682 1304 1718 1330 Et
1730 1309 1804 1331 eerte
1819 1303 1852 1330 de
1862 1303 1950 1339 gretia
1962 1304 1990 1330 in
2000 1303 2116 1332 Christo

1303 1339 1423 1367 exhibita
1450 1339 1577 1366 certiores
1604 1349 1653 1374 per
1680 1339 1852 1374 evangelium
1883 1339 1946 1367 faeti
1974 1349 2029 1366 non
2055 1339 2115 1368 inm

1302 1375 1412 1403 insertis
1435 1375 1615 1410 opinionibus,
1640 1379 1672 1402 ut
1690 1375 1743 1410 alii,
1770 1383 1917 1410 vagamur:
1944 1375 1991 1402 sed
2010 1374 2115 1409 Deum.

1302 1420 1462 1475 3320233352
1480 1411 2116 1482 ὓὲἓὲοὲἓέἑῗῖιὲἱωιξέῐξῗίῗὲἷ·εξέἑῖιῗᾞῗ·

1302 1483 1387 1510 tanda
1400 1487 1490 1510 autem
1507 1489 1548 1510 est
1562 1483 1705 1510 antithesis
1720 1483 1792 1510 inter
1807 1483 1949 1510 obseurum
1965 1488 1993 1510 et
2004 1488 2114 1510 tenuem

1302 1519 1417 1546 notitiae
1442 1518 1554 1546 modum
1582 1527 1635 1553 qna
1660 1519 1776 1554 praediti
1804 1519 1915 1546 fuerunt
1942 1523 2034 1554 patres
2060 1519 2114 1547 aab

1301 1555 1368 1590 lege.
1393 1558 1422 1582 et
1443 1554 1637 1589 plenitudinem
1667 1563 1735 1589 quae
1759 1554 1837 1580 nobis
1855 1555 1883 1581 in
1902 1554 2045 1590 evangelio
2069 1563 2115 1583 re—

1301 1590 1395 1625 fulget.
1423 1589 1558 1624 Quamvis
1577 1590 1648 1617 enim
1668 1594 1789 1617 voterem
1807 1590 1939 1625 populum
1959 1589 2036 1618 Deus
2051 1599 2114 1618 eoe-

1301 1626 1377 1653 lestia
1395 1625 1533 1654 doetrinae
1552 1625 1611 1653 lues
1630 1625 1758 1661 dignatus
1776 1626 1820 1657 sit,
1839 1625 2000 1653 familiarius
2019 1631 2114 1655 tamen

1302 1671 1348 1697 per
1360 1661 1502 1690 Christum
1522 1661 1649 1694 innotuit,
1668 1662 1740 1689 siout
1755 1661 1855 1689 dieitur
1870 1661 2002 1689 Iohannis
2020 1662 2114 1697 primo

1302 1697 1338 1734 (r.
1358 1696 1411 1734 13),
1447 1697 1528 1725 Hane
1547 1696 1747 1730 eertitudinem,
1765 1706 1845 1732 quem
1865 1697 1983 1725 adventu
2002 1706 2050 1726 sno
2069 1702 2114 1726 at·

1302 1733 1367 1761 tulit
1385 1733 1540 1768 unigenitus
1558 1732 1610 1760 Dei
1636 1732 1710 1760 filius
1733 1738 1839 1768 patrem
1861 1732 1940 1761 nobis
1958 1732 2114 1767 ostendens,

1302 1778 1375 1797 nune
1392 1768 1525 1803 propheta
1542 1769 1720 1796 sommendat.
1758 1769 1915 1801 Caeterum.
1939 1773 1972 1796 ut
1990 1771 2113 1797 veterem

1302 1804 1430 1840 populum
1460 1805 1510 1832 hae
1534 1809 1612 1839 parte
1637 1804 1808 1837 excellimus,
1837 1805 1900 1839 quia
1928 1805 2115 1833 reeonailian'o

1302 1849 1350 1876 per
1362 1839 1502 1868 Christum
1518 1841 1588 1868 faeta
1602 1841 1691 1867 Deum
1711 1840 1909 1874 quodammodo
1927 1841 2004 1867 nobis
2022 1841 2116 1868 reddit

1302 1876 1472 1912 propiorem:
1507 1876 1545 1902 ita
1571 1884 1627 1902 non
1655 1880 1746 1910 potest
1775 1876 1854 1903 aliter
1882 1876 2006 1912 eognosoi
2034 1876 2115 1904 Deua

1302 1921 1382 1946 quam
1400 1911 1428 1938 in
1442 1911 1560 1943 Christo,
1579 1911 1627 1946 qui
1647 1911 1699 1938 ima
1720 1921 1735 1938 o
1752 1917 1779 1938 et
1792 1911 1933 1940 ehsraoter
1944 1912 2115 1940 substantiae

1302 1949 1362 1975 eins
1377 1952 1423 1974 est.
1450 1947 1505 1981 Qui
1520 1956 1572 1974 non
1588 1947 1665 1974 novit
1683 1948 1700 1974 fi
1713 1947 1777 1979 ium,
1797 1956 1884 1982 neque
1902 1952 2005 1982 patrem
2025 1947 2113 1976 novit.

1302 1983 1437 2017 Quamvis
1455 1991 1520 2017 ergo
1538 1982 1640 2017 Iudaei,
1665 1983 1777 2015 Tureae,
1806 1983 1959 2018 caeterique
1985 1982 2113 2012 infideles

1300 2019 1402 2047 iactent
1420 2027 1448 2046 se
1467 2019 1558 2046 Deum
1583 2018 1693 2045 adorare
1713 2023 1862 2046 creatorem
1880 2019 1947 2046 ooeli
1965 2024 1994 2046 et
2011 2022 2112 2052 terrae,

1302 2054 1427 2082 fictitium
1447 2059 1537 2081 temen
1553 2054 1642 2082 Deum
1662 2054 1782 2082 adorant.
1809 2055 1956 2089 Utcunque
1974 2055 2030 2082 sint
2048 2063 2115 2090 per-

1301 2091 1418 2122 vioaoes,
1443 2098 1525 2124 vagas
1543 2091 1682 2124 opiniones
1702 2096 1728 2117 ot.
1745 2090 1864 2117 iuoortas
1887 2095 2037 2125 sequuntur
2059 2099 2114 2126 pro

1301 2126 1431 2153 veritate:
1464 2126 1578 2160 palpant
1607 2126 1635 2152 in
1667 2126 1800 2158 tenebris,
1832 2131 1860 2152 et
1885 2126 2112 2161 imaginationem

1300 2171 1378 2189 suam
1402 2161 1495 2188 eolnnt
1523 2162 1580 2189 loeo
1604 2161 1665 2189 Dei.
1708 2163 1835 2196 Denique
1864 2167 1942 2189 extra
1966 2162 2112 2190 Christum

1300 2203 1328 2224 et
1342 2197 1431 2224 omnis
1449 2197 1543 2232 religio
1558 2197 1642 2224 fallax
1657 2203 1705 2229 est,
1726 2206 1757 2224 so
1772 2198 1895 2233 evanida,
1915 2203 1943 2224 et
1957 2197 2112 2226 detestandi

1300 2237 1365 2260 sunt
1382 2241 1475 2260 omnes
1493 2233 1590 2266 nultus,
1612 2242 1755 2268 seoureque
1775 2233 1930 2261 damnandi.
1968 2233 2026 2262 Neo
2044 2243 2112 2262 vero

1300 2269 1348 2296 ahs
1363 2276 1392 2294 ra
1407 2273 1462 2294 tsm
1478 2269 1607 2296 adverbio
1623 2278 1703 2303 quam
1719 2270 1877 2304 pronomine
1897 2269 2112 2298 demonstrativo

1301 2303 1387 2331 utitur
1416 2303 1559 2339 propheta,
1590 2313 1643 2339 quo
1672 2305 1772 2332 eortius
1803 2310 1918 2333 testetur
1947 2304 2002 2333 Dei
2030 2313 2111 2340 prae-

1300 2339 1429 2366 sentiam:
1454 2341 1534 2368 aienti
1554 2341 1652 2368 iterum
1673 2341 1752 2374 paulo
1770 2346 1830 2375 poet
1849 2341 2010 2376 repetitione
2028 2341 2111 2369 eorti-
