2497 2816
454 294 508 322 439

454 375 498 402 ira
514 373 568 402 Dei
593 373 663 401 nihil
686 376 794 409 praeter
814 378 931 401 mortem
949 377 976 402 et
995 372 1109 402 exitium
1132 372 1200 409 ipsis
1216 382 1265 401 ex·

453 409 741 482 mo‘fghffildgeutism
814 445 845 480 ι’.)
876 444 961 486 Varie
979 445 1125 486 exponitur
1142 445 1188 472 hic
1207 453 1266 472 ver·—

454 489 510 511 uue.
537 480 611 510 Sunt
626 481 698 509 enim
717 489 764 516 qui
782 485 877 516 putent
895 479 941 508 luc
959 480 1072 509 indicari
1090 489 1108 508 a
1125 479 1265 523 propheta,

454 516 514 552 pios
533 525 588 544 non
606 525 661 545 nuo
678 519 786 544 tantum
805 516 963 544 afflictionis
980 525 1082 552 genero
1099 525 1195 552 prsnn,
1215 515 1264 544 sed

453 552 532 588 qnasi
549 552 579 580 in
598 556 736 580 extremas
754 551 876 580 miserias
899 551 977 580 deme
1011 551 1032 585 ⁴,
1056 560 1106 580 neo
1124 551 1211 580 ullum
1229 551 1265 579 iis

453 597 514 616 esse
539 589 621 616 finem
653 587 795 616 malorum.
840 587 897 616 Alii
925 587 1084 623 simpiciter
1113 592 1264 623 exponunt,

453 623 581 659 Domine,
609 628 718 660 gentem
745 626 823 651 tunm
843 623 926 651 variis
946 623 1086 652 beneficiis
1108 623 1264 652 cumulasti.

453 661 546 695 Atque
561 659 721 688 existimant
735 659 896 695 prophetam
910 668 1122 688 commemorare
1135 658 1265 688 beneficia

453 696 551 731 quibus
569 695 648 723 Dens
666 695 741 723 varie
759 695 892 731 populum
909 703 990 723 suum
1008 695 1111 723 affecit:
1131 703 1164 723 ac
1180 695 1204 723 si
1223 694 1263 722 di-

453 732 534 764 nent.
553 731 683 767 populum
700 739 757 758 non
776 735 882 758 tantum
900 739 956 758 una
970 731 1000 758 in
1014 740 1053 763 re,
1072 730 1121 758 sed
1139 731 1264 763 infinitis,

453 767 660 796 beneficentiam
694 775 726 794 ac
755 767 946 794 liberalitatem
974 767 1085 794 Domini
1118 771 1263 802 expertum

453 812 519 832 esse.
558 802 614 830 Sed
633 811 717 838 quum
735 801 923 830 animadverto
941 802 976 830 ad
995 802 1022 830 id
1041 802 1111 838 quod
1130 802 1262 837 sequitur,

453 839 499 868 ubi
518 839 558 867 ait
574 838 701 873 dilatasti,
724 837 753 865 id
771 841 820 870 est.
838 838 994 873 propag-asti
1012 838 1156 873 imperium
1176 842 1262 869 tuum.

453 875 524 910 quod
543 875 620 910 prius
638 874 762 909 angustis
780 873 881 902 fluibus
897 873 1100 902 continebatur:
1119 873 1192 902 malo
1210 873 1263 900 duo

452 911 521 938 haec
539 918 594 938 uns
610 911 684 938 inter
701 918 730 938 se
747 910 918 944 coniungere,
943 910 1006 944 quia
1024 910 1158 944 posterius
1176 917 1262 937 mem·

451 946 531 974 hum
550 947 648 981 prioris
666 945 856 980 interpretatio
875 950 922 978 set,
947 954 979 974 ac
997 946 1099 980 optime
1116 945 1263 979 respondet

453 981 524 1018 quod
550 991 580 1009 se
600 982 687 1015 uitur,
713 981 804 1008 Deum
831 989 891 1008 esse
917 981 1105 1016 glorificatum.
1151 980 1262 1008 Scimus

453 1018 525 1046 enim
550 1027 566 1046 n
598 1017 624 1045 la
651 1027 687 1044 ex
709 1026 739 1044 re
764 1017 861 1044 melius
886 1017 1038 1044 elucescere
1062 1017 1116 1044 Dei
1138 1017 1262 1052 gloriam.

453 1062 534 1089 qnam
552 1063 588 1081 ex
606 1052 734 1081 ecclesiae
754 1052 936 1080 incrementis.
974 1052 1051 1080 Idem
1070 1052 1153 1088 igitur
1171 1057 1213 1079 est
1231 1061 1263 1080 ao

453 1089 479 1117 si
495 1089 611 1118 diceret:
634 1088 727 1122 Quom
746 1088 821 1123 prius
842 1087 890 1116 tibi
910 1088 953 1116 exi
975 1097 1025 1116 nne
1043 1093 1116 1116 esset
1136 1087 1262 1123 populus.

453 1130 482 1153 tu
499 1125 578 1153 illum
603 1123 800 1159 multiplicasti,
828 1129 908 1160 atque
969 1124 1076 1152 auxisti.
1115 1123 1263 1159 cooptatae

453 1161 525 1189 onim
543 1165 610 1190 sunt
627 1166 723 1196 gentes
740 1165 768 1187 et
786 1160 928 1188 adiunctae
946 1159 1054 1187 Iudaeis
1072 1159 1125 1187 hae
1142 1159 1210 1195 lege,
1231 1165 1263 1187 ut

453 1205 525 1225 unus
548 1202 576 1224 et
599 1196 671 1224 idem
696 1196 813 1231 populus
837 1205 873 1223 ex
896 1196 930 1222 iis
953 1196 1112 1224 efficeretur.
1148 1195 1193 1223 Ita
1210 1195 1262 1222 im-

453 1241 574 1260 mensam
603 1231 806 1260 multitudinem
833 1230 937 1259 addidit
959 1231 1107 1259 Dominus:
1135 1232 1262 1266 qnoniam

452 1268 503 1296 filii
526 1268 654 1296 Abrahae
679 1277 714 1295 ex
739 1267 866 1295 omnibns
893 1267 1049 1294 nationibus
1075 1268 1160 1295 vooati
1188 1271 1262 1294 sunt.

453 1303 677 1333 Subaudisndum
696 1311 761 1339 ergo
780 1303 825 1330 hic
841 1311 897 1330 non
914 1302 1050 1336 beneficia,
1069 1302 1117 1330 sed
1133 1303 1262 1330 maiorem

452 1349 596 1368 nnmerum
615 1339 758 1367 addidisti:
786 1339 816 1366 in
835 1339 910 1366 huno
926 1347 1047 1372 sensum,
1075 1339 1202 1370 Domine.
1231 1343 1262 1365 tu

451 1375 499 1403 illa
523 1375 659 1411 paucitate
687 1384 739 1402 non
770 1379 913 1402 contentus
960 1374 1069 1409 epulum
1096 1374 1261 1402 immensum

453 1412 502 1440 tibi
520 1421 556 1439 ex
578 1411 704 1440 omnibus
729 1411 885 1439 nationibus
907 1411 1048 1446 oolegisti.
1084 1410 1146 1438 Hoc
1170 1414 1261 1438 autem

451 1448 485 1475 ad
504 1456 618 1483 regnum
638 1447 741 1475 Christi
760 1447 886 1481 pertinet,
910 1446 981 1480 qnod
1000 1445 1136 1482 evangelii
1154 1446 1261 1480 praedi-

451 1483 522 1510 catio
540 1492 589 1519 per
612 1487 698 1510 totum
721 1482 815 1510 orbem
840 1482 1008 1518 propagavit.
1046 1481 1136 1516 Quam
1164 1482 1262 1517 ampli·

452 1519 574 1546 tudinem
602 1519 653 1546 hoo
679 1519 738 1546 loeo
765 1519 883 1546 celebrat
910 1518 1053 1552 propheta,
1081 1522 1109 1546 et
1136 1517 1262 1553 designat

451 1554 502 1582 hoc
521 1554 604 1582 verbo
619 1553 760 1582 dilatandi.
787 1553 866 1587 Quae
883 1553 1005 1588 loquutio
1023 1562 1078 1581 nnn
1097 1558 1139 1581 est
1156 1562 1173 1580 a
1187 1562 1261 1581 com-

451 1590 528 1617 muni
548 1599 598 1618 usu
618 1589 742 1625 loquendi
756 1589 852 1622 aliena,
872 1598 956 1624 quum
975 1589 1083 1624 imperii
1098 1593 1145 1617 aut
1161 1589 1262 1617 finium

451 1625 590 1662 ampliatio
603 1627 624 1652 si
646 1626 779 1653 nifioatur.
802 1625 897 1659 Neque
914 1630 1005 1652 temen
1016 1625 1147 1661 intelligit
1160 1629 1261 1652 terram

451 1661 609 1696 ampliorem
639 1666 735 1694 aotam,
755 1661 801 1689 sed
821 1661 918 1688 diffuso
938 1661 966 1688 in
985 1671 1080 1689 omnes
1097 1665 1188 1696 partes
1207 1661 1261 1688 Dei

451 1697 524 1725 cultu
561 1702 671 1732 proptor
704 1701 828 1724 mutuam
866 1697 1138 1724 communicationem
1177 1696 1262 1725 fuisse

451 1733 568 1768 amplius
594 1733 714 1768 spatium
741 1738 770 1761 et
797 1732 993 1761 habitationem
1021 1734 1108 1768 magis
1135 1732 1260 1761 liberam:

451 1770 513 1803 quie.
531 1769 644 1796 dissidia
661 1769 796 1804 quandam
812 1777 903 1796 seeum
920 1769 1116 1796 restrictionem
1130 1769 1261 1796 terebant.

452 1805 505 1832 Hic
526 1804 658 1832 habemus
681 1804 886 1840 promissionem
911 1803 945 1831 de
965 1805 1103 1832 vocatione
1127 1805 1262 1840 gentium,

451 1849 519 1874 quae
536 1841 594 1875 pios
609 1841 637 1868 in
653 1840 750 1867 exsilio
765 1840 811 1867 illo
825 1845 853 1867 et
866 1841 967 1867 misera
981 1839 1158 1874 dissipatione
1176 1841 1261 1867 eccle·

450 1877 506 1903 aine
525 1885 579 1903 non
599 1885 694 1910 parum
714 1884 836 1903 renroare
855 1875 954 1908 debuit,
974 1882 1003 1902 ut
1021 1876 1146 1910 quamvis
1163 1885 1192 1903 se
1210 1876 1262 1902 mi-

452 1921 513 1938 rum
537 1912 564 1938 in
590 1911 699 1939 modum
723 1912 826 1939 accisos
850 1917 930 1946 atque
953 1911 1109 1939 imminutos
1130 1911 1261 1944 viderent,

450 1956 610 1982 persuasum
630 1951 720 1974 tamen
741 1947 874 1974 heberent
895 1956 924 1974 se
948 1947 988 1974 ita
1005 1947 1150 1974 adauctum
1170 1947 1212 1981 iri,
1231 1951 1262 1975 ut

451 1991 508 2010 non
533 1987 639 2010 tantum
663 1983 766 2010 infiniti
791 1987 882 2010 essent
906 1991 1028 2015 numero,
1055 1982 1103 2010 sed
1127 1983 1207 2010 etiam
1231 1987 1262 2010 ut

451 2022 561 2047 exterae
579 2018 704 2047 nationes
723 2023 751 2046 et
769 2019 874 2046 alienae
891 2018 959 2052 ipsis
977 2018 1198 2054 adiungerentur.

523 2054 564 2082 16.
593 2054 700 2089 (lebona
718 2054 748 2082 in
765 2053 950 2090 tribulatione.)
977 2054 1075 2082 Posset
1093 2054 1144 2082 hoe
1162 2055 1262 2089 exponi

451 2090 484 2117 de
503 2090 662 2125 hypocritis,
686 2091 733 2124 qui
758 2099 896 2125 nunquam
920 2091 953 2117 ad
979 2091 1068 2117 Deum
1091 2091 1171 2118 consu
1193 2091 1262 2123 iunt,

450 2126 503 2153 nisi
529 2126 607 2153 maiis
632 2131 659 2152 et
683 2126 821 2152 aerumnis
845 2126 936 2154 coacti.
979 2125 1035 2153 Sed
1058 2135 1143 2160 quum
1189 2126 1262 2154 deles

450 2170 556 2197 quoque
583 2161 698 2196 flagellis
725 2161 830 2190 erudiat
858 2163 1005 2194 Dominus,
1034 2161 1260 2196 quemadmodum

450 2198 524 2232 prius
553 2197 643 2224 docuit
670 2198 818 2233 propheta,
845 2198 917 2224 malo
945 2197 1106 2232 simpliciter
1133 2198 1198 2225 haec
1226 2198 1261 2224 ad

449 2233 524 2267 ipsos
549 2233 661 2266 referre,
690 2238 719 2260 ut
744 2243 799 2260 non
825 2234 911 2261 solum
937 2238 1086 2268 agnosoaut
1110 2243 1139 2260 se
1164 2233 1262 2261 merito

450 2269 531 2302 plecti
551 2278 566 2296 a
584 2268 652 2302 Deo,
670 2269 717 2296 sed
736 2269 819 2296 etiam
838 2279 871 2296 e:
891 2269 956 2297 ossti
995 2269 1076 2296 tionis
1095 2269 1183 2296 fructu
1205 2269 1262 2296 dul-

451 2309 539 2331 cescat
563 2304 697 2332 malorum
725 2305 866 2338 acerbitas,
894 2305 954 2332 dein
975 2314 990 2332 e
1018 2310 1048 2332 ut
1071 2305 1261 2332 instructiores

450 2339 598 2367 reddantur
613 2340 641 2367 in
657 2340 754 2368 timore
769 2341 829 2374 Dei,
848 2341 988 2376 magisque
1006 2349 1038 2368 ac
1054 2341 1140 2376 magis
1159 2342 1186 2367 in
1203 2341 1262 2368 dies

1186 295 1386 323 INISAIAM

2063 295 2120 324 44⁰

1327 377 1496 401 removeant.
1536 374 1632 409 Itaque
1654 375 1684 402 in
1709 383 1826 409 persons
1847 374 1976 402 ecelesiae
1999 373 2123 410 loquitur

1307 382 1410 443 fanias,
1441 414 1473 437 ut
1500 409 1605 451 quoties
1633 410 1672 452 pii
1698 410 1822 452 legerent
1846 409 1918 439 hano
1943 409 2120 443 anunm.

1308 449 1555 516 mnnoaffiffnangg
1570 450 2123 516 ssmffi‘ss'zpztffsssstsssszsszzx

1307 515 1406 551 quibus
1437 525 1545 551 semper
1577 518 1634 545 tere
1666 515 1746 553 (quse
1779 522 1820 545 est
1851 516 1973 552 pravitas
2004 520 2122 546 usum

1308 551 1428 588 nostrae)
1447 552 1561 580 nimium
1578 552 1718 580 efferimur
1738 557 1820 588 atque
1840 553 2035 581 insolescimus.
2073 553 2122 581 lc-

1307 587 1378 616 circo
1397 596 1448 615 nos
1464 588 1614 624 constringi
1633 588 1730 624 plagis,
1753 597 1785 616 no
1808 588 1910 616 domari
1934 597 2045 616 nocuae
2068 594 2120 617 eat.

1308 625 1399 658 Atque
1417 623 1486 651 haec
1502 625 1630 659 cogitatio
1648 625 1823 658 asperitatem
1842 632 1991 659 poenarum
2009 625 2122 688 mingo...

1307 658 1355 693 bit,
1374 667 1424 687 neo
1441 660 1476 688 ab
1493 660 1528 687 iis
1547 665 1622 688 tanto
1657 668 1687 687 re
1705 659 1919 693 abbari-obimus,
1938 661 1961 688 si
1975 668 2020 688 eae
2038 669 2076 688 no
2097 661 2122 689 is

1307 695 1459 723 fructuosas
1486 704 1545 724 esse
1568 697 1627 723 inte
1637 696 1761 732 ligamus.
1797 690 1860 724 ΨΠΒ
1886 696 2022 731 significat
2044 705 2122 724 mnr-

1307 739 1377 758 mnr.
1412 730 1476 758 Non
1500 736 1542 758 est
1569 731 1653 766 igitur
1680 732 1836 767 accipienda
1864 731 1930 758 haec
1958 731 2040 760 dictio
2068 741 2120 774 pto

1307 767 1452 794 articulata
1470 767 1600 799 oratione.
1619 767 1665 794 sed
1685 776 1733 802 pro
1749 776 1780 794 ea
1795 776 1865 802 quae
1878 767 1962 794 index
1976 772 2019 795 est
2033 768 2121 796 amni

1307 802 1445 830 constricti
1464 803 1571 838 magnis
1589 802 1742 830 doloribus:
1762 806 1792 830 ut
1809 802 1856 837 qni
1874 811 1982 830 summo
1995 803 2121 832 cruciata

1307 842 1447 873 anguntur
1464 838 1512 866 vix
1530 838 1607 866 effari
1627 843 1673 866 sut
1690 838 1775 866 animi
1793 839 1838 866 sui
1859 847 1942 867 unsa
1964 839 2121 874 exprimere

1307 878 1427 908 possunt.
1463 874 1562 908 Itaque
1579 882 1674 902 veram
1697 874 1839 908 omnisque
1862 874 2048 903 simulationis
2070 883 2122 903 va-

1307 917 1384 937 cuam
1404 909 1602 937 invocationem
1620 910 1769 944 signifieat:
1794 909 1839 938 cui
1859 915 1924 938 tune
1941 910 2050 938 demum
2068 910 2122 938 ho-

1307 945 1395 973 mines
1421 945 1581 978 studebunt,
1615 954 1698 980 quum
1726 947 1849 980 graviter
1874 946 1969 974 afflicti
1998 946 2121 982 gemitus

1307 981 1408 1008 summi
1426 980 1526 1008 doloris
1549 985 1630 1008 testes
1654 981 1800 1016 proferent.
1838 982 1932 1008 Rebus
1956 982 2031 1008 enim
2053 991 2120 1017 prn-

1307 1017 1393 1051 speris
1411 1017 1535 1044 homines
1553 1017 1629 1044 velut
1652 1017 1740 1051 plenis
1766 1017 1858 1045 buccis
1881 1017 2043 1052 loquuntur:
2069 1017 2120 1046 ad-

1286 1073 1287 1076 ,
1307 1053 1393 1080 versis
1412 1052 1515 1087 deiecti,
1536 1053 1583 1079 vix
1601 1052 1704 1080 hiscere
1723 1052 1838 1087 audent,
1860 1054 2004 1088 animoque
2029 1054 2120 1088 magio

1286 1094 1287 1097 ¹
1305 1097 1387 1150 fluam
1407 1087 1502 1122 lingua
1520 1087 1632 1116 affectus
1650 1097 1713 1116 sues
1730 1088 1878 1116 declarant.
1905 1088 1980 1116 Hine
1997 1089 2120 1124 gemitus

1327 1123 1345 1150 li
1365 1123 1561 1151 inenarrabiles
1579 1123 1613 1151 de
1635 1124 1733 1159 quibus
1759 1124 1879 1160 loquitur
1898 1124 2000 1152 Paulus
2023 1123 2118 1160 (Rom.

1307 1159 1332 1192 8,
1350 1159 1404 1195 26).
1442 1159 1518 1187 Haeo
1542 1159 1626 1195 igitur
1647 1159 1681 1187 de
1705 1160 1758 1195 piis
1783 1161 1945 1195 pronunciat
1961 1159 2057 1191 Isaiae.
2083 1161 2119 1188 ad

1305 1204 1405 1230 eosque
1423 1195 1555 1230 restringi
1573 1196 1652 1223 debet
1671 1195 1738 1224 haee
1761 1195 1892 1224 doctrina.
1930 1195 2011 1230 Impii
2035 1197 2118 1230 enim,

1306 1231 1430 1266 quamvis
1463 1231 1567 1266 aliquas
1601 1231 1807 1259 lamentationes
1839 1238 2000 1266 extorquent
2031 1232 2119 1266 dolor,

1305 1267 1393 1330 magiis
1417 1266 1612 1300 obdurescunt,
1642 1267 1840 1302 deterioresque
1864 1277 1895 1295 ao
1919 1267 2120 1302 pervicaciores

1306 1311 1335 1330 re
1375 1309 1465 1330 untur.

1377 1339 1410 1365 17
1428 1343 1455 1365 et
1476 1339 1518 1366 18.
1552 1338 1650 1373 (Sicuti
1670 1339 1844 1374 praequam.)
1877 1339 1932 1366 Hic
1955 1339 2010 1367 duo
2037 1349 2119 1375 prae-

1305 1375 1382 1410 cipue
1402 1375 1522 1401 notanda
1538 1380 1613 1402 sunt.
1643 1374 1767 1402 Primum
1784 1380 1924 1410 comparat
1940 1375 2035 1404 fideles
2053 1385 2120 1411 par·

1305 1410 1477 1442 turientibus.
1497 1419 1564 1445 ques
1583 1415 1718 1439 extremos
1734 1411 1840 1439 dolores
1854 1411 1990 1440 sustinere
2006 1413 2119 1440 suimus.

1305 1446 1423 1480 Ideoque
1443 1447 1507 1474 dicit
1522 1455 1664 1480 erumpere
1678 1448 1799 1480 ipsorum
1814 1447 1949 1475 cruciatus
1963 1449 1992 1475 in
2008 1452 2120 1483 apex-toa

1305 1487 1333 1510 et
1351 1482 1483 1510 violentos
1502 1482 1641 1510 clamores.
1678 1482 1759 1510 Unde
1775 1482 1927 1518 colligimus
1949 1492 2003 1510 non
2027 1483 2119 1512 solum

1306 1518 1338 1545 de
1358 1518 1468 1545 tristitia
1487 1518 1647 1552 prophetam
1670 1518 1750 1552 loqui,
1774 1527 1840 1552 quae
1861 1528 1897 1546 ex
1921 1519 2052 1547 molestiis
2070 1519 2120 1548 vel

1304 1554 1482 1580 incommodis
1500 1554 1620 1580 externis
1640 1554 1735 1586 oritur,
1754 1554 1800 1581 sed
1820 1555 1911 1589 potius
1929 1555 2063 1590 respirare
2081 1555 2119 1583 ad

1305 1589 1448 1617 horribiles
1476 1589 1612 1617 eruciatus
1640 1589 1737 1624 quibus
1763 1589 1843 1624 longe
1870 1589 2060 1618 vehementius
2088 1597 2120 1619 et

1305 1625 1423 1652 atronius
1442 1629 1602 1659 torquentur
1620 1625 1724 1660 piorum
1743 1625 1835 1658 animi,
1860 1625 1925 1653 dum
1944 1627 2044 1654 irat-um
2062 1626 2120 1655 sibi

1304 1661 1395 1688 Deum
1427 1662 1565 1693 sentiunt,
1598 1665 1625 1688 et
1658 1662 1831 1689 conscientiis
1863 1662 1920 1689 suis
1952 1667 2119 1697 arguuntur.

1305 1697 1403 1724 Nullus
1422 1702 1463 1724 eet
1482 1696 1602 1732 corporis
1620 1696 1697 1724 dolor
1716 1702 1770 1724 tam
1789 1697 1910 1732 acerbus,
1937 1699 1982 1732 qui
2000 1707 2065 1726 cum
2083 1707 2120 1727 eo

1304 1732 1455 1767 comparari
1474 1733 1567 1767 possit.
1604 1732 1642 1759 Et
1667 1732 1717 1759 hoc
1742 1732 1842 1760 diserte
1865 1733 2029 1768 exprimitur
2053 1743 2119 1769 par·

1305 1769 1388 1796 tioula
1405 1768 1503 1796 Geram
1523 1772 1558 1795 ts.
1595 1767 1702 1795 Deinde
1724 1769 1835 1796 modum
1859 1769 2045 1797 similitudinis
2069 1779 2121 1798 ex·

1304 1804 1388 1832 cedit:
1407 1804 1470 1839 quia
1489 1803 1533 1831 nbi
1553 1803 1645 1831 nullus
1664 1810 1705 1832 est
1723 1803 1855 1832 malorum
1875 1806 1975 1839 exitus,
1999 1805 2121 1833 deterior

1305 1841 1338 1867 sit
1358 1841 1465 1875 piorum
1482 1839 1598 1866 conditio
1612 1848 1693 1874 quam
1710 1840 1929 1875 parturientium.
1962 1841 2022 1868 Hae
2040 1842 2119 1869 enim

1305 1875 1442 1902 doloribus
1470 1876 1577 1902 tandem
1606 1876 1662 1902 suis
1696 1875 1824 1902 liberatae
1850 1876 1991 1904 exsultant
2015 1876 2120 1912 gaudio

1305 1921 1388 1946 quum
1423 1916 1532 1946 partum
1565 1911 1750 1946 conspiciunt.
1784 1916 1960 1946 omniumque
1991 1911 2120 1941 dolorum

1304 1947 1513 1974 obliviscuntur:
1540 1947 1592 1982 piis
1611 1956 1675 1974 vero
1695 1947 1733 1973 sit
1752 1946 1855 1974 nullum
1875 1956 1935 1974 esee
1959 1948 2042 1975 fluam
2067 1957 2119 1982 pa·

1304 1982 1403 2010 tioudi:
1430 1983 1495 2017 quia
1517 1991 1625 2017 semper
1653 1991 1741 2010 novae
1765 1991 1912 2010 aerumnae
1935 1991 1967 2011 ac
1990 1984 2119 2012 miseriae

1304 2019 1457 2046 imminent.
1495 2019 1531 2046 Et
1550 2027 1632 2052 quum
1653 2023 1764 2053 partum
1789 2019 1892 2046 instare
1916 2023 2022 2053 putent.
2044 2019 2119 2048 nihil

1304 2059 1413 2089 praeter
1440 2063 1554 2089 angores
1581 2054 1675 2081 edunt.
1717 2054 1780 2082 Boo
1804 2055 1875 2081 enim
1903 2055 2041 2090 significat
2067 2064 2120 2090 per

1303 2092 1420 2117 ventum.-
1454 2099 1551 2123 nempe
1584 2089 1685 2116 nuliam
1720 2090 1820 2116 doloris
1851 2090 2040 2118 liberationem
2067 2094 2120 2119 aut

1304 2126 1493 2153 allevationem
1513 2133 1652 2160 apparere.
1687 2126 1780 2160 Atque
1795 2134 1825 2152 se
1843 2126 1900 2160 ipsc
1919 2127 2032 2161 exponit
2049 2135 2119 2154 oon-

1305 2162 1382 2188 tinuo
1401 2165 1469 2196 post,
1488 2170 1532 2188 nec
1550 2162 1618 2188 enim
1635 2162 1720 2195 factae
1734 2161 1810 2188 nobis
1824 2164 1885 2189 sum
1901 2162 2004 2195 salutes,
2023 2163 2051 2189 id
2063 2167 2117 2198 eat,

1305 2197 1380 2224 nulla
1397 2197 1472 2224 nobis
1487 2203 1600 2231 apparet
1618 2198 1700 2224 salus.
1732 2190 1785 2226 ὗεν
1805 2190 1859 2226 ⁴7:³2.
1880 2207 1932 2224 non
1949 2198 2118 2227 ceciderunt.

1305 2227 1350 2262 ΒΕ)
1375 2233 1448 2259 enim
1468 2233 1563 2260 eadere
1581 2233 1726 2267 signifieat„
1756 2233 1811 2260 Alii
1827 2239 1968 2268 exponunt
1983 2233 2116 2263 habitare.

1305 2269 1335 2296 si
1355 2277 1387 2295 eo
1405 2277 1487 2294 sensu
1507 2269 1627 2304 accipere
1646 2269 1718 2302 libet,
1738 2269 1800 2295 talis
1815 2270 1868 2296 erit
1886 2269 2031 2298 sententia:
2049 2269 2117 2299 Non

1303 2304 1465 2332 habitabunt
1484 2303 1587 2336 Iudaei,
1606 2304 1632 2331 id
1652 2309 1700 2337 est,
1727 2313 1779 2332 non
1807 2304 1934 2332 redibunt
1958 2305 1987 2332 in
2012 2308 2116 2334 terram

1305 2349 1395 2368 suam:
1421 2339 1525 2367 inoolae
1543 2340 1590 2374 qui
1608 2349 1667 2367 eam
1687 2345 1820 2374 occupent
1839 2350 1892 2368 non
1911 2341 2045 2375 peribunt.
2084 2341 2117 2370 Si
